2436 3003
265 124 276 142 t

164 257 168 262 ,
232 215 390 274 saepius
420 213 528 272 apud
556 213 733 256 Tacitum
764 210 999 258 infinitivum
1030 211 1166 262 habet,
1199 209 1250 254 ntv
1274 212 1384 262 XIV,
1405 199 1483 257 fib.
1516 210 1613 254 Hist.
1646 200 1742 263 ΙΙΙ,ι
1758 212 1806 258 4.,
1859 213 1975 259 Hinc*
1991 212 2049 256 nil
2079 206 2201 272 impe-
2224 216 2229 217 ⁷

233 283 313 334 dit,
354 283 568 341 quominus
609 280 704 328 haec
741 280 811 329 fiat
840 280 1097 339 paraphrasis.
1165 281 1299 338 Atque
1335 283 1435 338 post
1470 288 1644 337 mortem
1686 279 1889 323 Claudiae
1917 286 1984 324 e‘tc.
2027 287 2200 328 avarem

236 359 358 408 suam
389 352 574 393 Enniam
605 352 829 393 immittens
858 350 1100 407 impulerat,
1140 358 1186 391 ut
1215 349 1279 391 ad
1303 365 1488 391 umorem
1510 349 1704 407 juvenem
1733 351 1912 393 illiceret.
1973 350 2066 395 Fert
2098 352 2200 396 enim

233 420 309 462 hoc
339 419 491 462 indoles
522 418 668 469 Taciti,
710 429 771 469 nt,
804 419 836 460 si
868 418 916 459 de
947 418 1091 473 insigni
1123 418 1291 478 quadam
1322 417 1571 475 turpitudine.
1594 419 1741 461 mentio
1778 416 1980 461 infer-'enda
2011 429 2089 471 est,
2120 413 2201 463 non

231 488 406 546 adjecto,
446 487 543 546 quid
572 487 657 546 ipse
688 486 853 544 judicet,
885 496 1012 529 tamen
1045 486 1250 529 cumulatis
1282 486 1350 538 iis,
1393 503 1491 545 quae
1521 503 1604 529 rem
1635 488 1747 545 quasi
1776 499 2019 546 praesentem
2050 489 2201 532 descri-

231 559 339 608 bant,
371 573 456 599 eam
488 556 615 598 lucem
647 556 795 612 flagitio
828 547 1123 605 circumfundat,
1157 549 1254 613 quae
1286 556 1483 611 ingentem
1512 554 1733 611 legentibus
1760 556 1961 599 horrorem
1980 572 2059 599 non
2076 558 2201 616 possit

163 675 174 682 p
231 643 311 670 non
343 642 507 670 movere.
574 625 698 683 Quod
729 641 818 667 eum
849 623 1028 675 voluisse,
1061 623 1119 666 vel
1152 641 1229 667 una
1261 625 1405 686 evv'oce
1434 641 1557 667 suam
1589 625 1790 681 (uxorem)
1821 625 2067 683 intelligetur.

350 696 405 738 At
436 706 600 755 propter
632 695 675 737 id
703 695 831 752 ipsum
863 692 1021 735 alteram
1053 694 1333 752 interpretandi
1364 694 1449 751 ejus
1480 693 1555 736 loci
1585 694 1684 737 viam
1716 695 1806 738 iniri
1836 695 1977 738 malim.
2028 696 2198 739 Tantum

231 766 336 807 enim
368 765 631 807 detestationis
664 773 701 804 et
732 764 772 803 in
806 762 877 804 hac
908 777 999 803 voce
1031 763 1143 813 inest,
1177 773 1210 804 et
1242 763 1281 804 in
1314 762 1591 811 immittenda,
1623 773 1668 805 ut
1697 779 1820 821 prope
1851 765 1994 806 nimius
2024 765 2199 807 videatur

231 833 403 885 Tacitus,
435 833 469 877 si
499 833 724 890 impulerat
760 846 919 889 quoque
951 830 1001 874 ad
1030 831 1132 874 idem
1166 830 1466 888 significandum
1497 831 1659 888 adjiciat.
1721 831 1855 876 Altera
1886 849 1977 876 vero
2007 833 2197 892 interpre-

229 903 324 944 tatio
356 903 451 943 haec
484 912 549 943 est.
587 900 786 942 ·Gratiam
821 900 860 940 C.
895 900 1090 951 Caesaris,
1130 901 1287 942 Tiberio
1328 901 1563 951 successuri,
1603 901 1739 943 Macro
1771 911 1882 944 antea
1912 902 2078 953 foverat,
2118 903 2196 958 sive

229 972 271 1014 id
302 970 440 1014 sedulo
472 980 622 1026 egerat,
663 978 706 1010 ut
736 984 785 1010 ne
826 968 921 1025 quid
961 969 1061 1010 inter
1098 969 1204 1026 ipsos
1243 970 1472 1012 offensionis
1513 970 1696 1012 existeret.
1757 972 1845 1012 Jam
1886 987 1976 1012 vero
2014 981 2196 1027 vergente

229 1040 378 1083 Tiberii
408 1039 485 1081 vita
514 1038 740 1094 impulerat
768 1037 789 1078 i.
824 1052 853 1077 e.
888 1038 1118 1092 impulsum
1148 1037 1387 1086 addiderat,
1419 1038 1498 1081 sive
1528 1039 1650 1095 magis
1683 1039 1792 1080 enixe
1824 1048 1861 1080 et
1890 1038 1991 1082 facto
2024 1039 2195 1097 quodam

230 1119 275 1151 ut
303 1108 379 1166 ipsi
414 1107 628 1157 videbatur,
659 1121 849 1164 perquam
882 1104 1022 1148 callido
1049 1106 1099 1148 ad
1120 1105 1173 1156 id,
1206 1107 1312 1165 quod
1336 1106 1500 1157 volebat,
1531 1106 1809 1165 perficiendum
1841 1123 2072 1166 progressus
2103 1117 2195 1150 erat.

231 1179 346 1234 Quae
376 1171 498 1232 igitur
539 1186 651 1218 antea
681 1175 846 1223 fecerat,
888 1175 1075 1215 vitandae
1105 1175 1233 1230 potius
1264 1178 1513 1231 offensiones
1543 1177 1661 1218 fuisse
1693 1177 1938 1228 crediderim
1982 1193 2081 1234 quae
2112 1186 2195 1218 tum

232 1239 387 1305 (quum
419 1244 546 1289 acrius
577 1245 618 1286 in
651 1244 732 1286 dies
758 1243 942 1297 fovebat)
983 1243 1266 1299 adipiscendae
1299 1245 1497 1302 juvenilis
1531 1247 1697 1300 gratiae
1737 1256 1851 1304 atque
1882 1246 1923 1288 in
1964 1256 2196 1304 perpetuum

231 1304 457 1358 firmandae.
517 1313 569 1355 Et
599 1327 699 1370 quae
730 1311 783 1353 ita
813 1311 902 1352 fecit
933 1312 1057 1359 ultro,
1090 1312 1208 1353 verbo
1248 1314 1470 1369 impulerat
1498 1312 1709 1369 significari
1739 1325 1857 1371 puto;
1897 1315 2006 1372 quod
2035 1315 2197 1358 verbum

230 1386 328 1427 Hist.
362 1384 402 1432 I,
434 1384 472 1423 7.
505 1381 705 1428 absolute,
749 1379 861 1421 nullo
893 1380 1025 1421 addito
1057 1381 1295 1430 accusativo,
1335 1381 1506 1437 positum
1538 1382 1733 1431 videmus;
1766 1372 1812 1422 'et
1841 1382 1892 1422 ib.
1924 1382 1986 1431 II,
2018 1383 2085 1422 63.
2130 1381 2196 1423 fin.

230 1460 462 1510 argumento
493 1458 574 1502 est,
615 1448 742 1490 inesse
772 1448 814 1489 in
845 1449 963 1491 verbo
993 1449 1202 1506 impellere
1239 1449 1316 1490 vim
1349 1464 1452 1500 eam,
1493 1465 1610 1507 quam
1650 1448 1928 1492 demonstravi:
1967 1451 2197 1506 impulsum

230 1521 391 1562 addere.
462 1520 569 1574 Ergo
606 1516 819 1574 impulsum
862 1517 1064 1558 addiderat
1104 1517 1248 1572 gratiae
1289 1518 1329 1557 C.
1370 1518 1409 1557 C.
1455 1517 1719 1559 conciliandae
1762 1533 1832 1568 eo,
1888 1517 1997 1575 quod
2035 1534 2196 1560 uxorem

230 1606 341 1634 snam
372 1587 604 1636 immiserat,
636 1602 736 1643 quae
766 1586 807 1627 in
839 1601 1007 1628 amorem
1039 1584 1217 1641 juvenem
1249 1585 1418 1628 illiceret.
1479 1586 1634 1628 Nemini
1665 1603 1756 1628 vero
1787 1585 1885 1627 illud
1916 1603 2060 1628 novum
2091 1588 2196 1629 vide-

230 1659 358 1709 bitur,
400 1656 509 1716 quod
539 1655 696 1697 Tacitus
736 1654 857 1696 dicat:
897 1656 1073 1696 immitto
1104 1655 1265 1697 illicere.
1327 1656 1409 1697 Nec
1441 1655 1542 1696 enim
1582 1654 1711 1697 minus
1751 1654 1912 1697 licenter
1949 1654 2052 1698 dicta
2090 1667 2194 1708 sunt,

230 1743 332 1784 quae
363 1742 483 1782 supra
514 1725 746 1766 monuimus.
1933 1723 1936 1725 “

349 1795 440 1838 Jam
470 1809 561 1837 vero
592 1792 825 1852 persuadere
855 1792 951 1836 mihi
982 1809 1158 1853 nequeo,
1191 1794 1352 1838 eandem
1384 1794 1542 1838 subesse
1569 1807 1791 1845 caussam,·
1812 1810 1883 1837 cur
1912 1793 2040 1837 dicere
2072 1792 2195 1847 liceat,

230 1866 309 1907 sive
339 1866 496 1904 intrare
526 1863 700 1903 domum
730 1863 807 1902 sive
830 1865 992 1902 intrare
1021 1865 1065 1903 in
1096 1863 1267 1903 domum
1298 1873 1335 1904 et
1366 1863 1442 1903 sive
1465 1865 1652 1904 incusare
1678 1878 1794 1913 reum
1825 1862 1903 1903 sive
1933 1864 2120 1904 incusare
2149 1865 2194 1904 in

230 1949 346 1975 reum
356 1950 371 1981 ,·
403 1931 475 1975 sed
507 1931 576 1974 ubi
607 1930 933 1987 praepositionem
964 1930 1055 1973 huic
1086 1932 1203 1973 verbo
1235 1931 1484 1986 adjunxeris,
1516 1930 1626 1987 πρός
1657 1948 1701 1973 τι
1730 1931 1807 1973 sive
1838 1931 2079 1973 transitivum
2111 1947 2194 1975 esse

229 2001 355 2051 desiit,
388 2009 426 2041 et
457 2010 515 2041 est
555 1999 640 2055 ejus
672 1999 803 2040 notio:
848 2002 1017 2040 existere
1058 2008 1343 2040 accusatorem.
1404 2001 1505 2041 Nam
1544 1998 1696 2041 infinita
1736 2009 1792 2040 est
1822 1999 1863 2040 in
1902 2014 2081 2042 sermone
2122 2000 2195 2041 hu-

229 2087 346 2113 mano
377 2069 586 2112 verborum
618 2068 908 2110 transitivorum
941 2078 977 2109 et
1007 2069 1335 2111 intransitivorum
1368 2069 1628 2119 commutatio,
1661 2078 1703 2110 ut
1729 2067 1823 2110 fiant
1853 2068 2062 2119 transitiva,
2095 2085 2194 2128 quae

229 2155 302 2197 per
332 2155 373 2181 se
403 2148 497 2181 sunt
535 2138 797 2188 intransitiva,
837 2148 874 2179 et
913 2154 943 2178 v.
976 2154 1007 2179 v.
1069 2140 1154 2180 Hoc
1193 2147 1250 2180 est
1291 2138 1396 2195 apud
1437 2147 1614 2179 nostrum
1645 2138 1747 2179 Ann.
1787 2139 1835 2187 V,
1869 2139 1904 2178 7.
1966 2137 2195 2197 Eodemque

232 2208 356 2249 modo
374 2208 444 2256 Vl,
472 2208 536 2248 17.
568 2200 905 2264 interpretandum
938 2207 1030 2248 erit:
1063 2206 1277 2247 creditores
1307 2209 1353 2247 in
1382 2206 1565 2247 solidum
1596 2208 1867 2263 appellabant
1874 2225 1889 2254 ;
1921 2222 2002 2247 non
2034 2217 2077 2248 ut
2100 2208 2192 2249 Ern.

229 2275 353 2333 jubet,
385 2275 656 2318 subaudiendo
688 2274 901 2325 debitores,
933 2275 1001 2317 sed
1033 2286 1178 2318 remota
1209 2292 1231 2318 a
1262 2275 1379 2318 verbo
1411 2274 1680 2333 complementi
1719 2275 1953 2332 indigentia,
1985 2286 2028 2318 ut
2057 2276 2108 2319 sit
2137 2277 2193 2318 vis

231 2345 339 2387 verbi
370 2344 465 2393 fere,
499 2344 622 2400 qualis
653 2355 709 2386 est
741 2345 781 2385 in
808 2345 1093 2401 provocando,
1126 2355 1162 2385 et
1193 2345 1242 2386 sit
1273 2346 1485 2401 appellare
1515 2347 1560 2385 in
1588 2344 1776 2386 solidum
1809 2344 1935 2394 idem,
1981 2345 2088 2400 quod
2119 2360 2193 2400 ap—

225 2414 389 2470 pellare
417 2414 501 2454 sive
526 2428 691 2468 poscere
720 2413 912 2455 solidum.
975 2414 1075 2455 Tum
1107 2413 1215 2455 Livio
1254 2423 1410 2455 auctore
1443 2413 1587 2465 (XXI,
1618 2413 1687 2455 46.
1721 2414 1817 2462 63.)
1856 2427 2043 2468 perquam
2076 2412 2193 2455 usita-

229 2491 316 2523 tum
347 2490 403 2523 est
433 2490 584 2531 nostro,
615 2482 790 2537 accipere
820 2484 864 2524 in
894 2481 1213 2525 deminutionem
1242 2484 1315 2524 sui
1342 2482 1461 2538 (Ann.
1484 2482 1516 2532 I,
1541 2482 1624 2538 14.)
1657 2483 1701 2523 in
1731 2479 1967 2537 superbiam
1990 2479 2077 2535 (VI,
2106 2480 2191 2539 13.)

231 2560 298 2591 etc.
362 2549 484 2605 Quod
522 2565 543 2590 e
582 2549 740 2590 notione
778 2551 884 2592 verbi
926 2560 1071 2592 vertere
1107 2561 1240 2592 natum
1281 2551 1376 2592 mihi
1415 2551 1576 2592 videtur.
1646 2546 1869 2605 Eademque
1909 2557 1966 2588 est
2004 2550 2120 2601 ratio,
2160 2551 2193 2592 si

231 2618 321 2661 Tac.
355 2617 471 2661 Hist*
487 2618 539 2668 II,
570 2620 639 2661 20.
675 2628 712 2660 et
744 2617 787 2660 al.
820 2619 979 2662 trahere
1008 2623 1052 2662 in
1081 2620 1316 2677 superbiam
1351 2630 1418 2662 etc.
1453 2619 1553 2661 dicit.
1604 2618 1654 2659 Et
1684 2617 1864 2667 imbuere
1894 2616 1969 2669 ad,
2000 2619 2092 2671 XII,
2125 2622 2193 2662 32.

232 2697 271 2729 et
300 2685 394 2729 alibi
425 2703 446 2729 e
476 2688 595 2729 verbo
625 2689 833 2729 instituere
864 2698 990 2731 ortum
1024 2705 1105 2731 esse
1137 2690 1306 2746 adparet.
1369 2686 1550 2744 Denique
1580 2685 1815 2728 Beroaldus
1845 2686 1946 2729 Ann.
1979 2688 2091 2738 XIII,
2124 2690 2190 2730 53.

232 2755 389 2798 scribit:
429 2758 475 2798 in
512 2756 734 2813 studiaque
776 2757 1015 2798 Galliarum
1055 2758 1304 2814 adfectaret,⁴
1353 2771 1470 2812 quam
1507 2754 1710 2796 lectionem
1751 2755 1907 2797 minime
1943 2755 2191 2811 rejiciendam

231 2838 316 2865 esse
349 2833 455 2881 puto.
520 2824 614 2866 Veri
645 2824 749 2868 enim
779 2823 966 2875 similius,
1004 2825 1144 2876 fuisse,
1187 2825 1255 2882 qui
1286 2823 1611 2882 praepositionem
1650 2839 1721 2882 per
1747 2815 1939 2867 inscitiam
1970 2823 2192 2878 deleverint,

1112 15 1115 17 ι
1164 5 1169 12 Ι
1313 17 1315 21 ‚
1338 8 1344 13 x
1381 12 1399 23 e*
1467 5 1468 8 ¹
1520 6 1522 8 ’
1550 17 1561 25 a
1626 4 1629 6 -
1842 24 1847 28 Ι
1988 2 1991 4 ·
2018 17 2025 28 τ
2211 16 2221 22 'v
2235 18 2248 28 v1
2262 19 2265 24 ι

1177 35 1184 42 ι
1208 47 1211 49 .
1291 33 1296 37 ι
1336 26 1343 33 “
1386 32 1450 52 ,μμμ
1502 48 1504 51 .
1609 39 1616 45 ·
1726 29 1731 34 ι
1792 43 1795 45 ¹
1842 50 1845 51 .
1897 33 1937 47 ,Η
2004 29 2033 52 4.-
2059 34 2061 36 .
2247 28 2281 51 7⁸·-

1117 51 1124 61 ι
1228 66 1230 69 .
1565 57 1576 64 ·.
1674 50 1677 52 ¹
1708 51 1715 59 ι
1946 49 1969 63 -4
2036 65 2042 70 ὓ
2167 53 2199 64 --,-Α
2241 50 2249 54 -’

1165 87 1168 89 ’
1192 68 1258 120 1⁶
1285 95 1291 101 ·
1401 87 1411 98 ’
2063 97 2065 100 ·
2118 94 2123 102 .
2226 89 2269 162 Χ

1039 139 1398 146 —a—

2197 158 2293 200 ..X-
