2436 3003
2093 0 2096 3 ¹
2136 2 2159 12 r<

1207 0 1297 82 ⁴4

173 174 176 177 ¹
198 169 200 173 ⁷
239 180 416 238 templa,
448 178 753 235 nudantemque
783 185 886 220 tecta
916 176 1085 220 aedeum
1114 191 1351 224 sacrarum,
1366 207 1368 209 »
1386 178 1554 231 vagari:
1587 184 1626 217 et
1653 174 1786 233 quod,
1816 176 1858 216 si
1877 176 2056 231 privatis,
2076 179 2208 219 soab-

236 267 336 294 rum
369 248 568 307 aedeficiis·
585 248 770 305 faceret,
810 246 1031 303 indignum
1052 245 1203 289 wideri
1221 253 1380 302 posset,
1418 244 1469 288 id
1494 247 1681 288 Deorum
1722 240 2026 293 immortalium
2055 241 2209 303 templa

240 320 525 363 demolientem
542 318 700 374 facere.
763 317 802 359 Is
834 331 924 358 vero
955 314 1116 358 Fulvius
1147 329 1269 357 unum
1301 313 1510 372 templum,
1541 309 1568 356 J
1570 314 1713 357 unonis
1744 314 1935 365 Laciniae,
1967 313 2170 358 detexerat.

359 387 449 431 Alia
479 397 572 430 sunt
603 402 649 429 ex
680 386 742 429 his
783 384 975 443 exempla,
1016 394 1185 442 quorum
1224 382 1386 442 pluralis
1425 399 1613 426 numerus
1644 384 1700 426 rei
1739 383 2033 442 amplificandae
2063 384 2104 426 in
2136 383 2209 427 lin-

241 474 359 515 guam
391 456 654 514 germanicam
685 455 746 498 vel
786 454 899 499 aliam
938 452 1059 511 hujus
1091 453 1224 498 aetatis
1262 452 1469 497 transferri
1499 452 1651 510 possit,
1683 452 1777 505 alia,
1808 454 1848 496 in
1880 454 2024 512 quibus
2055 453 2104 496 de
2137 453 2210 497 hoc

239 526 383 585 plurali
414 527 517 568 inter
548 535 755 584 utramque
786 524 960 581 linguam
992 523 1196 566 convenire
1227 532 1401 580 nequeat.
1460 521 1557 563 Pars
1589 522 1710 578 igitur
1740 523 1931 581 quaedam
1964 523 2048 579 ejus
2079 524 2210 573 moris,

236 600 358 654 quem
389 593 524 650 lingua
563 593 684 636 latina
723 603 870 643 servat,
909 592 961 634 ad
990 607 1063 634 nos
1102 605 1258 650 quoque
1297 591 1481 648 pertinen
1524 590 1595 632 sed
1624 590 1666 632 in
1704 606 1812 633 more
1851 590 2054 633 retinendo
2092 591 2210 634 latina

240 664 376 720 lingua
405 663 532 718 magis
562 663 638 705 sibi
680 672 838 705 constat.
900 660 1090 716 Ejusdem
1129 660 1235 703 modi
1266 670 1344 711 est,
1386 660 1493 717 quod
1523 658 1658 715 lingua
1696 658 1836 710 latina,
1874 660 1907 702 si
1938 660 2046 717 quod
2084 676 2210 716 genus

240 731 446 775 hominum
486 747 567 774 uno
612 731 780 789 quodam
822 729 1011 786 adjectivo
1052 729 1210 771 nomine
1246 728 1534 785 designandum
1575 738 1653 779 est,
1690 727 1833 785 plurali
1870 744 2035 771 numero
2076 729 2209 777 utitur,

240 811 394 852 nostra,
438 811 476 843 et
507 817 606 859 quas
638 800 868 857 cognatione
899 809 1034 842 nostra
1066 799 1240 855 attingit,
1282 799 1437 856 saepius
1468 796 1677 855 singulari,
1717 797 1830 853 cujus
1861 799 1917 840 rei
1955 808 2043 841 vera
2076 815 2211 843 caussa

239 885 286 911 ex
318 869 504 920 articulo,
535 884 652 927 quem
683 868 871 920 dicimus,
913 868 1125 926 repetenda
1157 877 1233 918 est,
1265 883 1345 925 quo
1380 867 1522 910 Graeci
1553 882 1711 925 quoque
1750 866 1804 908 ita
1834 867 1894 909 usi
1926 877 2037 917 sunt,
2079 877 2123 909 ut
2152 868 2210 924 vgel

239 939 471 995 Latinorum
501 955 611 981 more
642 938 742 981 illud
772 938 831 980 vel
863 949 998 980 nostro
1029 938 1284 981 enuntiarent.
1339 937 1420 979 Sed
1449 953 1520 994 per
1548 935 1872 994 philosophorum
1904 936 2049 979 rivulos
2081 939 2210 980 nescio

239 1008 338 1065 quid
366 1006 472 1049 illius
504 1007 623 1048 moris
655 1007 706 1049 ad
736 1008 895 1049 Latinos
926 1006 1115 1057 manavit,
1156 1016 1201 1048 ut
1231 1005 1365 1048 saltem
1395 1009 1619 1062 sapientem
1656 1006 1782 1047 dicere
1822 1016 2139 1055 consuescerent,
2178 1008 2211 1048 si

239 1076 289 1119 de
319 1090 462 1133 genere
504 1075 677 1118 virorum
702 1075 914 1133 ejusmodi
945 1091 1074 1119 sermo
1117 1085 1226 1118 esset.
1288 1075 1489 1127 Ceterum,
1528 1075 1621 1117 dum
1652 1074 1877 1133 incorrupta
1898 1071 2036 1131 *viguit
2077 1074 2211 1133 lingua

240 1145 382 1195 latina,
422 1146 622 1187 suumin
660 1145 840 1202 plurimis
880 1145 1073 1200 ejusmodi
1115 1145 1337 1186 nominibus
1377 1145 1585 1199 adjectivis
1612 1160 1759 1185 morem
1799 1145 1968 1185 servavit.
2031 1145 2210 1201 Denique

239 1214 274 1257 si
306 1213 396 1271 quis
436 1213 730 1269 grammaticam
768 1213 941 1263 latinam,
972 1212 1129 1270 qualem
1169 1212 1273 1254 docti
1303 1213 1411 1255 nasci
1429 1213 1626 1269 -cupiunt,
1670 1212 1838 1254 condere
1869 1211 1975 1262 velit,
2008 1228 2096 1254 eum
2127 1223 2210 1254 tum

239 1280 454 1324 multarum
492 1297 626 1323 rerum
668 1281 852 1332 aliarum,
893 1291 977 1324 tum
1009 1280 1129 1338 hujus
1167 1281 1427 1339 expediendae
1459 1291 1577 1338 atque
1603 1281 1658 1323 ad
1689 1281 1858 1323 rationes
1889 1280 2082 1339 simplices
2114 1281 2210 1323 refe·
2237 1289 2241 1294 '

240 1350 385 1394 rendae
416 1345 551 1394 curam
583 1366 716 1406 gerere
748 1351 952 1408 oportebit.

1185 1488 1260 1548 11.

870 1587 950 1636 De
991 1586 1179 1653 plurali
1224 1592 1580 1651 metonymico.

362 1694 498 1737 Altero
530 1695 571 1736 in
603 1711 679 1737 usu
710 1693 871 1752 pluralis
902 1696 1138 1753 praecipuus
1169 1706 1227 1738 est
1258 1695 1416 1747 Cicero,
1458 1711 1602 1752 eoque,
1644 1706 1686 1737 ut
1715 1695 1810 1737 mihi
1842 1694 2014 1745 videtur,
2055 1706 2211 1738 auctore

239 1764 580 1822 frequentissimus
620 1764 787 1808 Tacitus.
865 1764 978 1821 Quae
1017 1765 1120 1810 enim
1159 1765 1317 1809 nomina
1359 1765 1597 1809 substantiva
1638 1758 1837 1809 notionem
1879 1765 2027 1809 habent
2064 1765 2211 1808 abstra-
2244 1762 2248 1764 ’

240 1843 363 1885 ctam,
393 1849 514 1892 quam
543 1843 702 1885 vocant,
734 1849 867 1877 earum
898 1834 1046 1893 species
1078 1851 1123 1878 ac
1154 1844 1293 1877 natura
1324 1833 1466 1893 plurali
1497 1849 1663 1876 numero
1692 1850 1716 1877 a
1748 1834 1936 1876 Cicerone
1968 1832 2129 1892 aliisque
2159 1834 2211 1876 ita

241 1914 438 1954 mutatur,
471 1914 515 1946 ut
546 1920 611 1946 res
642 1920 734 1952 eas,
765 1904 872 1947 unde
904 1906 1096 1948 abstracta
1126 1905 1193 1948 illa
1225 1904 1421 1960 colligitur
1451 1905 1580 1955 notio,
1612 1904 1843 1960 significent.
1905 1905 2040 1961 Itaque
2070 1904 2104 1946 si
2134 1908 2211 1945 im-

236 1975 373 2028 pietas
405 1983 464 2014 est
502 1976 530 2029 ἡ
562 1973 746 2024 ἀσέβεια,
778 1972 830 2015 τό
862 1974 1041 2025 ἀσεβεῖν,
1072 1977 1332 2031 impietatum
1365 1974 1461 2029 (Cic.
1495 1974 1544 2015 de
1575 1973 1648 2029 leg.
1682 1974 1712 2023 Ι,
1747 1974 1833 2028 14.)
1866 1972 1961 2015 haec
1991 1973 2097 2015 notio
2129 1973 2212 2023 erit,

240 2051 285 2082 ut
320 2041 435 2099 impie
475 2041 577 2084 i'acta
614 2042 661 2083 iis
701 2042 933 2085 indicentur.
993 2044 1210 2101 Paremque
1250 2044 1291 2085 in
1330 2043 1492 2085 modum
1530 2044 1696 2084 insania
1726 2041 1777 2084 τὸ
1808 2043 2061 2096 μαίνεσθαι,
2099 2044 2210 2083 ansa-

242 2112 335 2152 niae
366 2113 501 2163 (Verr.
534 2112 605 2161 IV,
637 2112 735 2166 21.)
777 2128 878 2169 quae
919 2113 1128 2169 cupiuntur
1158 2120 1254 2165 τοῖς
1291 2115 1573 2166 μαινομένοις.
1634 2112 1732 2168 Ejus
1771 2112 1924 2168 generis
1962 2112 2112 2170 copiam
2145 2110 2213 2153 ali-

241 2195 359 2237 quam
390 2179 608 2223 Ellendtius
641 2181 691 2224 ad
720 2182 830 2223 Brut.
855 2182 925 2224 82.
959 2183 1162 2237 congessit,
1195 2182 1339 2240 quibus
1372 2181 1538 2237 adjicere
1569 2181 1759 2224 nonnulla
1789 2181 1893 2224 libet.
1925 2182 2035 2223 Brut.
2068 2182 2135 2222 21.
2169 2189 2214 2222 ut

243 2250 407 2304 (orator
437 2249 476 2291 S.
510 2249 662 2306 Galba)
701 2250 1060 2304 miserationibus,
1102 2261 1147 2294 ut
1176 2252 1463 2295 communibus
1495 2252 1597 2294 locis
1628 2259 1806 2294 uteretur
1846 2250 1912 2293 cfr.
1945 2250 1995 2293 ib.
2029 2250 2096 2294 84.
2130 2267 2211 2294 cre-

242 2319 341 2360 brae
371 2322 640 2367 assensiones,
680 2323 836 2363 multae
866 2322 1172 2365 admirationes.
1236 2322 1316 2363 Off.
1348 2323 1388 2372 l,
1419 2325 1488 2363 22.
1531 2331 1629 2363 sunt
1666 2322 1910 2364 domesticae
1936 2320 2212 2376 fortitudines

241 2403 324 2429 non
337 2422 340 2424 .
354 2389 576 2445 inferiores
607 2389 868 2433 militaribus.
921 2390 1034 2433 Tusc.
1069 2389 1118 2446 Q.
1151 2391 1223 2440 III,
1259 2390 1322 2434 18.
1354 2393 1398 2432 si
1424 2393 1586 2433 virtutes
1617 2391 1789 2433 ebullire
1820 2390 1961 2431 volent'
1984 2397 2022 2431 et
2050 2391 2210 2445 sapien-

240 2459 322 2497 tias
353 2466 419 2499 etc.
453 2458 550 2501 Cato
577 2459 631 2500 M.
658 2459 727 2500 21.
760 2467 820 2500 tot
848 2469 967 2509 artes,
999 2469 1138 2503 tantae
1168 2462 1368 2508 scientiae,
1401 2469 1461 2502 tot
1489 2463 1658 2502 inventa.
1722 2462 1822 2502 Nam
1852 2474 1980 2515 neque
2013 2458 2210 2508 Germani,
2235 2470 2239 2474 “

241 2523 273 2564 si
304 2524 352 2565 de
386 2541 429 2568 ea
460 2542 501 2568 re
532 2527 758 2576 disseritur,
790 2544 906 2585 quam
938 2545 1009 2572 nos
1042 2529 1120 2571 das
1158 2530 1316 2571 W‘ssen
1346 2544 1548 2578 vocamus,
1580 2543 1788 2570 numerum
1819 2526 1904 2585 ejus
1935 2527 1991 2568 rei
2021 2526 2211 2584 pluralem

241 2592 492 2648 reperiemus,
525 2612 651 2653 neque
681 2597 844 2646 Latinis,
878 2599 909 2639 si
940 2602 1128 2640 scientiae
1158 2599 1265 2641 notio
1297 2599 1456 2656 propria
1488 2609 1652 2645 tenetur,
1684 2597 1725 2638 id
1758 2613 1930 2653 unquam
1963 2587 2115 2639 licebits
2132 2596 2211 2638 Sed
2270 2619 2278 2625 -

243 2671 301 2704 est
332 2661 527 2719 quaedam
554 2666 595 2708 in
627 2665 769 2724 plurali
803 2683 965 2710 numero
996 2668 1052 2710 vis
1091 2668 1372 2728 metonymica,
1417 2682 1535 2724 quam
1567 2666 1618 2709 ob
1651 2682 1731 2708 rem
1770 2664 1879 2708 illum
1919 2664 2107 2724 pluralem
2139 2682 2211 2708 no-

240 2730 389 2772 minum
434 2732 716 2777 abstracturum
766 2739 1087 2792 metonymic-um
1136 2752 1217 2779 esse
1261 2736 1471 2779 dicendum
1515 2735 1698 2778 existimo.
1771 2736 1907 2794 Itaque
1935 2734 2210 2792 fortitudines
2266 2771 2269 2772 γ

240 2809 331 2842 sunt
348 2801 523 2857 fortiter
541 2803 679 2858 facta,
714 2808 1007 2854 miserationes,
1041 2804 1337 2849 admirationes
1369 2815 1460 2848 sunt
1493 2821 1603 2848 voces
1622 2808 1923 2849 miserationem
1949 2805 2209 2855 elicientium,
