2436 3003
1162 37 1236 101 n

215 198 448 255 &quietare
479 197 701 257 vietor-hm,
732 186 898 234 inarari
918 207 1087 249 pacem,
1119 191 1267 234 domos
1295 205 1477 249 arasque
1505 206 1651 234 cruore
1666 191 1868 250 foedare,
1896 205 2094 252 suprema
2123 201 2180 242 οἱ..
2214 186 2244 232 .’

216 269 291 309 ctis
320 266 477 309 solatia
504 261 864 319 amplectebantur.
927 262 1057 317 Quem
1089 261 1218 303 locum
1253 260 1533 318 interpretandi
1552 261 1718 319 ⁴duplex
1746 262 1807 305 via
1823 257 2020 319 apeu'tur
2081 267 2182 309 Nam

217 344 284 377 aut
314 331 493 375 infinitivi
524 346 660 372 omnes
691 330 734 372 in
766 329 894 373 locum
912 330 1255 382 „substantivorum
1294 329 1497 371 nominum
1528 341 1741 381 cesserunt,
1772 341 1815 373 ut
1844 330 1886 372 in
1916 347 2030 387 versu
2060 333 2181 376 notis-

139 397 141 400 *
214 402 333 443 simo:
372 401 484 442 Scire
511 408 632 452 tuum
670 398 785 441 nihil
809 407 878 448 est,
919 401 1005 441 nisi
1030 407 1068 440 te
1096 400 1198 441 scire
1234 396 1314 440 hoc
1342 399 1446 441 sciat
1472 398 1605 447 alter-,⁰
1641 399 1755 457 quod
1784 399 1817 442 si
1849 400 2032 458 sequare,
2073 403 2181 447 omni

212 469 443 513 difficultate
473 467 655 511 facillime
687 484 840 517 careas3
880 478 946 509 aut
975 470 1215 524 irzquietare,
1247 469 1426 514 morari,
1446 467 1629 522 foedare
1659 468 1839 510 infinitivi
1869 468 2041 512 historici
2071 480 2180 522 sunt3

214 539 323 599 quod
353 537 542 596 expositio
573 536 758 580 historica
787 552 949 595 poscere
979 537 1158 598 videtur.>
1201 535 1282 578 Sed
1313 534 1386 578 hoc
1417 535 1450 577 si
1481 536 1568 593 quis
1599 538 1731 593 potius
1762 553 1845 580 esse
1876 539 2106 590 arbitratur,
2138 541 2179 582 in

213 607 477 651 anacoluthon
506 607 691 650 incidisse
722 616 899 648 nostrum
929 606 1130 661 judicabit,
1161 613 1228 646 aut
1258 604 1500 666 rhythmicae
1540 604 1736 648 brevitatis
1776 622 1892 650 causa
1920 607 2033 651 binas
2063 624 2179 651 vocu-

213 677 270 720 las
301 685 427 735 atque
457 692 507 718 ea
536 673 737 719 fastidisse.
801 675 886 716 Hoc
917 690 1027 725 vero,
1060 673 1168 731 quod
1197 683 1427 725 tractamus,
1469 674 1722 732 appositionis
1753 691 1878 731 genus
1909 677 1958 719 ab
1988 677 2063 720 isto
2089 677 2179 723 loco

213 741 333 789 abest.

334 805 540 858 Secundae
572 815 668 871 legis
707 830 798 872 pars
835 813 975 864 altera,
1018 829 1118 871 quae
1149 822 1205 855 est
1235 813 1287 855 de
1326 814 1568 871 appositione
1608 813 1804 857 transitiva
1836 816 1950 858 verba
1990 826 2178 874 sequente

214 893 343 926 restat.
407 884 488 927 Sed
518 884 739 943 praecipere
780 883 971 942 quaedam
1002 883 1059 925 rei
1099 881 1348 940 explicandae
1388 883 1510 940 gratia
1541 899 1620 925 non
1658 882 1795 926 inutile
1834 884 1992 927 videtur.
2054 888 2101 927 A.
2133 888 2177 927 F.

212 952 465 1001 Bernhardi,
497 953 830 1007 Anfangsgn‘inde
861 953 932 993 der
962 951 1380 1009 Sprachwissenschaft
1403 967 1440 1009 p.
1468 953 1546 993 29:
1578 951 1656 993 das
1685 952 1919 995 Substantia
1950 952 2182 1010 tiber-haupt

212 1024 268 1062 ist
296 1021 374 1062 das
405 1022 522 1063 letzte
550 1022 647 1062 Ziel
672 1020 747 1062 der
776 1020 1047 1076 einpinkchen
1078 1020 1277 1077 Sprache,
1320 1020 1412 1061 und
1437 1020 1511 1061 der
1535 1036 1669 1075 ganze
1698 1023 1794 1062 Sat:
1825 1023 1880 1062 ist
1907 1021 1985 1063 das
2014 1021 2180 1063 Streben

212 1089 306 1132 und
340 1089 407 1132 die
436 1088 698 1145 Erreichung
739 1089 870 1132 dieses
909 1089 1107 1132 Strebens.
1169 1089 1276 1131 Idem
1316 1106 1353 1146 p.
1389 1090 1494 1134 197:
1536 1107 1654 1132 menn
1686 1090 1804 1146 jeder
1842 1094 1937 1132 Satz
1979 1094 2044 1132 ein
2074 1092 2178 1133 Sub-

210 1161 360 1200 stantio
390 1162 467 1207 ist,
508 1175 556 1200 so
588 1157 705 1199 kann
735 1155 954 1200 innerhalb
985 1158 1058 1199 der
1090 1159 1253 1199 Griinze
1283 1158 1511 1208 desselben,
1543 1158 1643 1200 oder
1672 1157 1780 1201 auch
1809 1158 2077 1208 ausser-halb,
2115 1162 2180 1202 ein

211 1231 309 1270 Satz
341 1227 621 1282 hinzugefiifgt
651 1227 814 1267 werden
852 1228 919 1266 als
948 1226 1217 1279 Ausbildung
1244 1227 1470 1275 desselben,
1507 1227 1615 1267 'oder
1643 1229 1712 1268 als
1740 1228 1873 1282 Polge
1903 1228 1994 1269 und
2019 1230 2179 1269 Erwei-

211 1304 371 1351 terung.
433 1295 543 1337 Idem
573 1310 610 1351 p.
642 1295 753 1336 236:
794 1293 861 1334 die
887 1309 1024 1347 gance
1054 1293 1326 1351 Subl'ectreihe
1356 1298 1435 1336 mit
1461 1295 1575 1336 allen
1604 1296 1900 1350 Dependenzen
1930 1296 2021 1338 und
2046 1296 2178 1339 Inlu'i-

211 1381 378 1414 remen,
428 1366 483 1406 is!
529 1361 667 1419 g'leiclz
711 1364 878 1404 einem
915 1362 1172 1411 substantio,
1219 1362 1287 1404 die
1326 1362 1690 1419 praedicativi-fehe
1738 1366 1902 1405 einem
1947 1364 2176 1406 Attribut1⁰v.

210 1434 311 1475 Rem
342 1448 414 1491 per
443 1447 486 1474 se
516 1442 681 1483 certam,
713 1432 823 1489 quod
853 1431 1045 1473 librorum
1077 1431 1126 1472 de
1157 1432 1406 1487 grammatica
1436 1431 1554 1474 latina
1585 1431 1806 1474 conditores
1845 1432 1956 1490 pensi
1994 1447 2077 1476 eam
2110 1431 2178 1476 ha-

209 1503 303 1546 bere
333 1518 414 1545 nou
444 1502 496 1545 ita
527 1517 642 1559 saepe
674 1500 822 1551 solent,
865 1501 1095 1543 auctoritate
1124 1501 1196 1542 viri
1227 1501 1373 1556 egregii
1402 1500 1560 1544 firmare
1589 1501 1733 1543 malui:
1765 1502 1828 1543 cui
1859 1502 2029 1553 utinam,
2070 1503 2178 1560 quod

210 1572 260 1615 de
292 1571 576 1614 conscribenda
608 1570 857 1626 grammatica
888 1569 1007 1612 latina
1038 1570 1163 1612 eidem
1194 1569 1296 1612 libro
1327 1571 1523 1627 praefatus
1555 1581 1624 1621 est,
1656 1570 1844 1627 perficere
1868 1587 1940 1627 per
1967 1571 2035 1613 fati
2067 1586 2177 1627 prae-

209 1651 404 1683 maturam
445 1639 711 1681 necessitatem
750 1638 938 1682 licuisset!
1001 1639 1045 1681 Si
1077 1640 1163 1697 quis
1193 1639 1315 1695 igitur
1345 1639 1544 1697 dispiciat,
1584 1642 1662 1697 qua
1692 1639 1841 1682 ratione
1870 1639 2009 1682 mentis
2040 1639 2177 1682 huma-

206 1725 285 1752 nae
317 1709 391 1752 hoc
423 1709 678 1766 appositionis
711 1724 833 1764 genus
864 1709 1030 1759 nitatur,
1068 1725 1150 1749 non
1180 1707 1294 1750 aliam
1326 1724 1409 1750 esse
1447 1708 1647 1764 justiorem
1678 1708 1888 1764 intelliget,
1919 1725 2037 1765 quam
2068 1709 2177 1765 quod

210 1793 326 1820 omne
356 1778 510 1836 periodi
541 1777 781 1828 membrum,
814 1777 961 1819 etiamsi
992 1775 1133 1819 multas
1165 1776 1282 1820 habet
1312 1777 1497 1820 orationis
1527 1787 1677 1835 partes,
1711 1776 2087 1819 unius-substantivi
2118 1778 2177 1819 in-

210 1858 291 1889 star
310 1857 388 1889 rest.
453 1847 592 1903 Quod
609 1846 712 1887 enim
745 1846 974 1889 substantivi
1003 1846 1126 1888 instar
1157 1856 1236 1896 est,
1268 1846 1551 1903 appositionem
1590 1845 1737 1902 recipit.
1800 1847 1938 1903 Neque
1976 1861 2065 1888 vero
2096 1862 2177 1888 ma-

210 1917 270 1972 gis
301 1915 488 1964 dubium,
530 1914 632 1956 illud
662 1915 891 1957 substantivi
928 1915 1050 1956 instar
1080 1931 1160 1956 non
1200 1914 1276 1956 alio
1307 1931 1399 1956 casu
1432 1924 1700 1971 praeterquam
1742 1914 1977 1956 nominativo
2017 1915 2176 1970 cogitari

209 2000 334 2042 posse.
398 1984 554 2040 Quodsi
594 1994 698 2026 recte
739 1983 1007 2033 contenditur,
1051 1983 1106 2024 nil
1137 1983 1210 2025 erit
1240 1999 1312 2041 per
1341 2000 1382 2026 se
1423 1983 1678 2034 discriminis,
1717 1983 1794 2025 sive
1825 1984 2022 2032 transitiva
2060 1985 2177 2027 verba

210 2053 305 2096 haec
345 2054 558 2111 appositio,
604 2054 685 2096 sive
725 2053 967 2095 intransitiva
1013 2054 1295 2109 subsequetur,
1347 2069 1447 2110 quae
1485 2053 1762 2095 nominativum
1802 2068 1956 2110 semper
1994 2053 2174 2111 requiret.

211 2122 293 2164 Sed
323 2121 438 2179 longe
470 2122 580 2165 aliter
610 2121 688 2172 illi,
729 2137 829 2180 quos
861 2136 978 2179 supra
1018 2121 1246 2172 memoravi,
1288 2121 1362 2164 loci
1392 2123 1498 2164 Ann.
1532 2121 1571 2172 I,
1601 2123 1670 2164 27.
1704 2121 1762 2172 11,
1795 2122 1872 2172 64,
1911 2137 1994 2165 rem
2034 2122 2176 2165 consti-

210 2201 348 2240 tuunt;
378 2208 467 2233 nam
499 2192 820 2250 praecedentibus
851 2191 988 2251 verbis!
1009 2191 1215 2231 transitivis
1248 2190 1341 2232 baec
1371 2190 1563 2247 appositio
1593 2206 1725 2231 casum
1765 2190 2023 2232 accusativum
2062 2200 2174 2233 tenet.

209 2260 302 2303 Non
333 2258 437 2302 enim
470 2259 508 2310 1,
538 2261 608 2302 27.
641 2275 814 2309 manus,
857 2258 929 2302 sed
960 2258 1011 2301 τό
1043 2261 1239 2301 intentare
1269 2275 1419 2302 manus
1458 2275 1593 2302 caussa
1622 2259 1697 2301 fuit
1735 2259 1971 2309 discordiae;
2010 2277 2091 2302 non
2123 2260 2174 2309 11,

211 2329 279 2369 64.
313 2329 528 2369 latronum
556 2329 685 2381 globi,
716 2329 788 2369 sed
817 2331 1003 2369 immissi
1032 2329 1057 2367 l.
1087 2343 1141 2383 g.‚
1173 2342 1253 2369 non
1285 2328 1466 2377 castella,
1498 2327 1569 2370 sed
1599 2328 1737 2370 excisa
1767 2343 1797 2371 c.
1828 2342 1986 2373 caussae
2016 2327 2177 2373 fuerunt

209 2396 312 2441 belli.
373 2396 640 2440 Nihilominus
669 2398 722 2439 ita
759 2399 875 2441 verba
904 2398 1147 2454 junguntur,
1186 2398 1299 2454 quasi
1329 2397 1482 2453 singula
1514 2398 1673 2439 nomina
1710 2397 1950 2438 substantiva
1985 2411 2077 2438 suas
2098 2396 2175 2439 ha—

210 2465 329 2508 beant
359 2454 633 2524 appositiones.
697 2464 810 2521 Quae
840 2483 963 2525 quum
995 2477 1084 2524 apte
1116 2465 1313 2510 conciliari
1343 2483 1422 2509 non
1455 2483 1569 2524 posse
1600 2466 1816 2515 videantur,
1846 2468 2085 2524 attractione
2112 2482 2174 2509 res

210 2530 441 2577 difficillima
472 2536 691 2578 extr-icatur.
738 2535 890 2592 ‚Itaque
927 2547 1078 2593 partem
1117 2535 1276 2579 alteram
1315 2536 1508 2579 secundae
1547 2535 1645 2592 legis
1686 2532 1790 2576 hunc
1828 2534 1870 2576 in
1908 2533 2067 2581 modum
2106 2536 2174 2578 de-

212 2602 414 2646 finiemus:
455 2605 488 2646 si
519 2605 626 2662 quod
657 2604 812 2661 periodi
850 2607 1067 2651 membrum
1106 2606 1266 2648 verbum
1297 2606 1541 2647 transitivum
1579 2620 1653 2660 pro
1690 2602 1830 2660 copula
1861 2603 2037 2655 habebit,
2079 2604 2174 2647 haec

212 2672 403 2731 appositio
434 2689 507 2732 per
537 2666 804 2717 attractionem
836 2689 967 2717 casum
998 2675 1257 2718 accusativum
1287 2674 1455 2731 recipiet.
1517 2671 1648 2728 Hujus
1679 2688 1835 2731 quoque
1875 2673 1929 2715 rei
1960 2674 2059 2716 ratio
2089 2674 2173 2716 ido-

211 2753 284 2803 nea
315 2752 444 2784 exstat.
507 2745 607 2785 Nam
639 2758 755 2784 omne
795 2743 957 2785 verbum
997 2744 1259 2793 transitivum,
1299 2743 1341 2784 id
1372 2740 1481 2798 quod
1520 2739 1778 2798 plurimarum
1815 2740 2037 2798 linguarum
2077 2757 2172 2785 usus

211 2809 464 2864 demonstrat,
495 2811 694 2855 notionem
713 2811 915 2869 faciendi
938 2811 1122 2864 continet,
1153 2814 1266 2867 cujus
1297 2810 1467 2852 notionis
1498 2825 1620 2867 quum
1647 2827 1754 2853 mens
1785 2811 1956 2873 humana
1986 2812 2172 2861 meminit,
