2436 3003
452 0 460 4 “
516 0 545 14 V

1125 25 1228 96 'u
1303 4 1321 20 Ἀ

203 190 375 235 motivo
405 203 501 232 casu
531 188 810 248 praecipientes
841 185 954 244 quei
985 194 1227 243 postremum
1256 182 1467 243 adjiciunt:
1510 185 1672 231 verbum
1704 191 1871 246 quoque
1901 181 2172 247 mapu-

203 259 477 317 cognationem
506 255 690 307 'tirnendi
707 253 814 297 hune
845 271 978 297 casum
1007 254 1146 296 facere.
1198 253 1341 298 Nullus
1373 256 1475 297 enim
1502 254 1597 298 >binc
1625 257 1680 299 ad
1708 270 1847 311 veram·
1866 255 2190 317 rebbo-iligen».

203 331 304 377 fiam
329 341 423 370 usus
454 323 651 384 pervenit:
687 334 824 373 cantra
853 339 934 367 nou
962 324 1193 375 mediocris,
1220 333 1277 366 ut
1305 324 1403 368 mihi
1432 324 1605 377 videtur,
1644 325 1678 368 si
1712 341 1757 369 ea
1785 341 1881 377 res‚.
1899 322 2094 383 quat-nus
2121 326 2176 369 ad
2193 335 2204 369 ζ

204 409 340 441 omnes
371 411 485 438 casus
516 403 672 452 praeter
712 394 929 435 vocativum
967 393 1157 450 pertinet,
1197 392 1381 437 distincta
1419 398 1621 452 poetarum
1653 401 1691 438 et
1721 394 1871 439 solutae
1910 393 2176 455 orafiouisfet

204 466 440 525 scriptorum
471 463 722 520 superiorum
754 474 792 506 et
830 463 1119 520 insequentium
1159 462 1312 505 licentia
1350 473 1574 521 exponatur.
1635 464 1776 506 Minus
1806 465 1913 506 enim
1946 478 2038 506 vere
2067 463 2175 506 dixe-

205 537 280 580 ris:
320 533 502 591 adipisci
528 531 693 582 verbum
723 547 1008 589 nonnunquam
1040 531 1250 588 genitivum
1282 530 1392 583 facit;
1433 547 1520 574 vere
1552 541 1709 584 contra,
1739 533 1940 584 Tacitum,
1962 533 2040 591 qui
2068 528 2174 575 Anu.

205 606 300 656 XII,
330 605 400 652 30.
432 603 546 653 Xlll,
582 603 619 645 1.
651 601 796 661 justam
824 601 911 658 ejus
942 601 1048 643 verbi
1079 610 1312 643 structuram
1344 601 1532 652 exhibeat,
1563 601 1637 653 III,
1669 604 1736 645 55.
1769 603 1838 653 VI,
1862 602 1931 645 45.
1963 611 2003 644 et
2031 602 2108 644 vim
2138 612 2177 644 et

208 683 441 718 structuram
473 672 582 714 verbi
608 673 742 727 potiri
779 684 835 712 eo·
854 671 1071 712 transferre.
1136 670 1249 719 Hinc,
1280 670 1314 712 si
1346 687 1391 712 ex
1421 687 1558 713 manco
1588 669 1676 712 loeo
1716 672 1911 729 praecepti
1941 670 2039 728 quid
2069 670 2177 719 eolli-

208 757 300 800 gere
330 742 388 784 fas
421 749 499 791 est,
540 739 631 782 Sall.
664 740 708 781 fr.
747 739 815 789 IV,
853 739 915 780 15.
948 754 984 796 p.
1017 738 1115 781 241.
1150 737 1253 781 Gerl.
1286 740 1422 782 scalas
1452 753 1578 797 pares
1616 741 1827 782 moenium
1863 739 2083 784 altitudine
2111 754 2178 782 ex·
2222 732 2229 738 ⁸
2314 708 2319 719 x

208 812 383 870 plicabis.
454 810 580 858 Hinc,
622 809 730 864 quod
771 808 964 849 adversus
1008 809 1091 862 lug.
1124 809 1192 848 43-
1233 808 1417 849 diversus
1455 810 1556 849 Ann.
1588 809 1626 858 I,
1667 808 1736 850 49.
1776 809 1988 864 genitivum
2025 808 2175 851 faciant.

208 879 339 924 Dativi
369 877 465 921 haec
495 887 610 919 erunt
648 874 830 933 exempla.
851 873 965 918 Anu.
999 876 1068 927 IV,
1101 878 1179 919 72:
1218 877 1419 920 tributum
1449 880 1501 920 iis
1524 878 1709 936 jusserat
1745 877 1978 927 modicum·
2021 894 2064 921 ac
2094 894 2179 928 sae-

208 950 367 1007 pissime
398 948 557 989 Tacitus
589 956 631 987 ut
662 944 698 987 b.
733 945 754 987 l.
783 946 927 1001 jubere
958 960 1031 1002 pro
1062 946 1306 1002 imperando
1337 946 1440 988 dicit.
1473 947 1538 989 cfr.
1571 947 1683 997 XIII,
1718 947 1782 989 15.
1806 946 1876 990 40.
1908 947 2007 989 Hist.
2039 949 2088 998 V,
2106 947 2177 989 21.

210 1019 343 1062 Germ.
370 1017 435 1060 11.
468 1017 571 1058 Tum
601 1015 705 1057 Anu.
739 1015 851 1064 XIII,
869 1014 948 1056 42:
982 1015 1103 1056 livere
1130 1015 1226 1063 =h1·s,·
1259 1016 1399 1058 fortius
1431 1016 1674 1066 vocabulum,
1706 1032 1834 1074 quamv
1852 1016 2031 1058 invidere
2059 1031 2178 1074 quae·
2251 1057 2254 1059 .

209 1097 319 1132 rente
350 1085 485 1130 Suilio.
549 1083 729 1127 Indidem
768 1092 925 1134 natum,
967 1082 1076 1141 quod
1116 1084 1246 1127 nescio
1288 1085 1356 1143 qui
1394 1087 1537 1129 mutari
1577 1085 1782 1128 voluerunt
1809 1089 1860 1137 V,
1894 1087 1970 1128 10:
2012 1086 2180 1141 lapsum

211 1156 437 1205 custodiae,
462 1155 487 1196 i.
520 1170 550 1196 e.
582 1161 793 1194 exemtum
823 1160 920 1194 cust.
954 1168 1048 1199 cum
1073 1154 1225 1209 ‘aliqua
1242 1154 1414 1209 fraude,

297 1268 307 1271 ,
331 1226 415 1268 Sed
445 1233 483 1266 et
512 1222 752 1265 nominativo
783 1231 821 1263 et
851 1222 1077 1278 praesertim
1110 1223 1324 1264 accusativo
1357 1223 1449 1266 hinc
1478 1240 1579 1266 nova
1607 1224 1801 1281 quaedam
1832 1239 2036 1266 accessere.
2070 1223 2181 1266 ‹Hue

214 1296 319 1338 enim
351 1293 510 1341 faciunt,
541 1305 644 1347 quae
671 1290 761 1345 quis
793 1288 970 1345 plurimis
1003 1304 1048 1330 ex
1081 1289 1188 1339 locis,
1222 1306 1253 1331 e.
1286 1306 1339 1346 gr.
1373 1292 1469 1332 Aen.
1502 1293 1561 1342 ΙΙ,
1594 1292 1691 1333 585.
1726 1292 1832 1334 Caes.
1864 1292 1900 1335 b.
1932 1308 1969 1347 g.
2002 1292 2083 1342 111,
2110 1292 2180 1334 26,

216 1364 295 1408 Liv.
327 1362 438 1412 XIV,
474 1359 538 1401 10.
573 1359 621 1401 de
651 1357 778 1400 verbis
811 1357 1006 1406 laudare,
1040 1366 1243 1407 constare,
1277 1362 1502 1404 convincere
1532 1360 1573 1401 in
1603 1375 1811 1401 numerum
1842 1359 2050 1402 verborum
2080 1375 2182 1402 nun-

214 1431 384 1491 eupandi
414 1428 610 1471 translatis
651 1421 775 1484 possit
806 1426 976 1477 adferre;
1018 1437 1054 1469 et
1085 1443 1342 1485 quaecunque
1371 1429 1486 1470 verba
1518 1436 1672 1470 metum
1700 1427 1761 1469 vel
1790 1444 1976 1469 amorem
2005 1428 2183 1471 indican-

212 1503 266 1545 tia
297 1497 559 1543 accusativum
590 1496 756 1547 faciunt,
795 1512 919 1553 quum
957 1506 1069 1538 antea
1099 1496 1247 1539 fuerint
1286 1497 1546 1548 intransitiva,
1569 1496 1719 1540 'eodem
1759 1497 1981 1540 referemus.
2043 1499 2182 1555 Neque

213 1574 369 1615 ίιιςιανε
398 1567 535 1610 hostes
566 1566 775 1624 quisquam
806 1565 984 1617 dixisset,
1024 1565 1101 1608 nisi
1127 1566 1348 1624 premendi
1373 1567 1629 1619 meminisset:
1660 1582 1787 1626 neque
1817 1566 1907 1611 talia
1939 1567 2024 1610 ausi
2054 1576 2183 1611 essent

215 1645 366 1699 poe'tae,
398 1636 514 1695 quale
546 1646 604 1677 est
634 1636 827 1692 Propertii
858 1637 931 1685 III,
967 1637 1031 1677 11.
1063 1640 1144 1678 22:
1177 1646 1358 1691 agrestes
1388 1640 1573 1679 cominus
1604 1639 1664 1678 ire
1693 1653 1798 1686 sues,
1830 1637 1906 1679 nisi
1930 1645 2077 1693 petere,
2107 1635 2183 1678 ad-

213 1708 341 1768 gredi
368 1716 405 1751 et
436 1720 538 1765 quae
568 1714 661 1747 sunt
691 1703 848 1756 similia,
880 1703 990 1747 illum
1023 1706 1282 1749 accusativum
1314 1706 1501 1759 facerent3
1543 1722 1670 1765 neque
1700 1716 1847 1757 cetera,
1887 1722 1988 1764 quae
2018 1705 2184 1763 subjun-

216 1794 320 1835 gam,
351 1777 428 1819 nisi
460 1791 503 1816 ea
535 1791 770 1833 synonyma,
804 1790 902 1832 quae
934 1775 1152 1830 adjicienda
1183 1786 1310 1827 erunt,
1341 1777 1463 1818 menti
1493 1776 1745 1820 scribentium
1777 1775 1978 1819 obversata
2007 1775 2183 1818 finissent.

216 1846 309 1891 Sall.
338 1846 384 1890 fr.
418 1847 467 1895 V,
504 1843 607 1886 114:
651 1845 841 1900 affin-sus
881 1846 1102 1901 (perosus)
1143 1845 1465 1887 dominationem
1496 1847 1648 1887 Sullae.
1688 1846 1819 1887 Livius
1849 1845 2008 1895 XXXI,
2051 1845 2115 1888 17.
2147 1854 2186 1886 et

220 1916 305 1959 alii:
327 1903 505 1972 'praeire
538 1914 727 1969 (recitare
760 1929 789 1954 s.
821 1913 1103 1969 pronuntiare)
1137 1929 1310 1955 carmen.
1344 1914 1447 1956 idem
1479 1914 1708 1964 XXXVIII,
1741 1915 1777 1955 7.
1810 1914 1930 1964 XLV,
1961 1914 2042 1956 20:
2072 1929 2184 1956 exoc-

218 1986 311 2029 dere
344 1982 621 2040 (relinquere)
652 1980 994 2039 Amphilochium
1028 2007 1080 2013 —
1117 1984 1299 2023 Curiam.
1332 1983 1434 2025 Ann.
1467 1983 1510 2034 I,
1542 1983 1610 2025 61.
1644 1983 1751 2034 XIV,
1787 1983 1859 2025 15:
1889 1982 2069 2040 incedere
2100 1983 2186 2040 (in-

217 2056 337 2109 trare)
370 2050 678 2095 locos-scenam.
711 2053 752 2102 I,
783 2053 858 2093 76:
897 2043 1080 2101 Tiberifis
1106 2053 1242 2108 plana
1273 2054 1387 2095 urbis
1418 2061 1683 2108 stagnaverat
1711 2052 2005 2106 (inundaverat)
2035 2053 2088 2104 II,
2107 2054 2185 2095 20:

180 2171 184 2175 ,
222 2125 322 2167 em‘ti
350 2127 588 2181 (superare)
622 2138 831 2178 aggerem.
895 2110 975 2163 Nec
1008 2137 1099 2163 sane
1139 2132 1274 2164 notum
1307 2121 1404 2164 illud
1436 2124 1553 2173 eniti,
1594 2122 1701 2179 quod
1732 2123 1779 2164 de
1810 2122 2013 2179 puerperis
2044 2122 2187 2164 dicitur

222 2193 354 2244 (Anu.
386 2191 458 2241 III,
491 2194 557 2233 33.
590 2192 690 2233 Dial.
726 2190 915 2243 11.)-nisi
947 2190 1088 2231 edendi
1120 2206 1189 2232 seu
1220 2191 1397 2248 pariendi
1430 2192 1537 2233 notio
1568 2191 1762 2243 subesset,
1796 2191 2053 2234 accusativum
2086 2190 2187 2235 faee-

219 2273 289 2306 ret.
326 2261 400 2311 ΙΙῙ,
433 2262 499 2303 66.
532 2262 582 2311 ΙΙ,
614 2262 691 2303 8οε
719 2278 948 2318 properare
980 2262 1156 2316 (parare)
1189 2261 1363 2316 aliquzd
1400 2262 1472 2311 ΙΙΙ,
1498 2263 1574 2302 66:
1601 2278 1772 2320 pergere
1804 2262 2069 2317 (continuare)
2101 2263 2185 2301 iter.

219 2332 285 2374 ib..
305 2330 389 2374 74:
424 2331 505 2387 qui
539 2331 906 2375 conclamabantur
936 2328 1258 2385 (salutabantur).
1292 2330 1359 2380 IV,
1390 2330 1469 2373 28:
1497 2330 1648 2387 falsa‘
1666 2333 1905 2373 exterritum
1936 2329 2188 2386 (timentem).

222 2402 291 2449 VI,
324 2403 369 2441 5:
402 2400 557 2439 revinci
583 2400 726 2452 (argui,
758 2399 912 2449 doceri)
944 2407 1096 2439 cuncta.
1129 2399 1179 2439 ib.
1216 2399 1289 2439 15:
1320 2397 1536 2453 ambigens
1569 2399 1840 2454 (circumiens)
1866 2400 2063 2455 patriam.
2095 2396 2188 2448 XII,

225 2468 303 2512 19:
343 2484 392 2511 ne
429 2464 758 2524 triumpharetur
797 2468 1025 2524 (ageretur).
1068 2468 1177 2518 XIV,
1208 2469 1285 2510 21:
1322 2471 1536 2525 impartire
1577 2470 1782 2520 (donare)
1804 2483 1936 2508 aures.
1967 2468 2019 2507 ih.
2051 2468 2102 2507 7:
2140 2482 2193 2515 ne,

222 2543 369 2579 auctor
407 2536 666 2598 dubitaretur
704 2535 1013 2593 (ignoraretur).
1055 2538 1143 2588 XV,
1190 2536 1263 2580 13:
1310 2552 1580 2595 propugnare
1617 2534 1885 2589 (defendere)
1925 2535 2186 2578 munimenta.

223 2607 322 2649 nist.
356 2605 417 2656 II,
449 2607 525 2646 202
558 2606 847 2659 gravabantur
885 2606 1084 2659 (oderant)
1127 2607 1383 2648 Saloninam.
1426 2609 1475 2656 V,
1508 2609 1555 2648 5:
1597 2619 1667 2646 nec
1697 2603 1930 2661 quidquam
1959 2606 2081 2661 prius
2111 2607 2189 2646 im-

225 2676 408 2718 buuntur
438 2672 698 2730 (docentur).
742 2674 872 2717 Germ.
906 2676 984 2716 20:
1024 2691 1093 2716 nec
1122 2678 1301 2730 virgines
1327 2677 1590 2731 festinantur
1634 2672 1937 2727 (collocantur).
1969 2674 2020 2716 ib.
2051 2674 2120 2715 43.
2152 2684 2190 2716 et

187 2788 205 2791 ,
225 2742 272 2792 al.
307 2745 486 2785 Gotones
516 2750 743 2797 regnantur
776 2743 1016 2797 (reguntur).
1048 2743 1123 2784 45:
1143 2745 1368 2799 frumenta
1410 2742 1606 2783 laborant
1634 2740 1834 2798 (colunt).
1897 2742 1979 2799 Qui
2011 2742 2188 2786 Graecis-

223 2827 310 2858 mos
340 2811 392 2854 ad
422 2827 506 2853 eam
538 2827 620 2853 rem
651 2810 983 2870 interpretandam
1017 2812 1202 2854 advocare
1231 2810 1395 2860 malunt,
1426 2827 1507 2853 non
1538 2810 1593 2852 illi
1625 2811 1783 2869 quidem
1814 2821 1907 2855 suut
1935 2811 2187 2871 vituperandi.
