2436 3003
1193 66 1258 142 η’-

238 215 346 288 nist.
367 234 518 289 ιμι
543 235 885 288 mmm
877 234 974 275 72·
993 231 1226 289 φήμη
1267 234 1337 284 tv,
1374 233 1450 276 18:
1481 233 1927 279 hortamentum
1962 237 2040 279 13:
2070 238 2199 282 decus.

240 305 321 348 1⁶³
345 302 606 357 remibun-
614 303 905 359 ·wwut·

224 393 233 413 x
322 372 448 414 Hos
472 375 584 422 vena,
625 383 727 427 quos
765 370 869 413 infra
902 370 1041 428 posui,
1080 370 1187 413 locos
1226 371 1350 427 magis
1389 371 1562 427 insignes
1599 386 1683 413 esse
1723 383 1838 430 puto,
1876 383 1995 432 atque
2034 375 2087 419 ad
2116 391 2199 419 rem

237 441 528 498 ςηιιιωαῖἱωιιι
557 440 684 496 magis
713 439 918 498 pertinere
958 439 1066 482 Ami.-
1094 440 1127 490 I,
1156 442 1234 483 27;
1264 455 1416 481 manus
1445 441 1707 489 intentantes,
1746 456 1938 485 caussam
1966 443 2199 486 &scordam

235 519 276 552 et
301 513 467 554 s'm'dum
497 512 722 552 armorum.
784 510 899 565 Quae
932 511 1059 552 Gran.
1089 511 1188 552 Ern.
1222 509 1365 552 θῦεν-Ι.Δ
1390 509 1441 552 ad
1470 509 1508 551 h.
1540 508 1563 551 l.
1594 521 1774 561 monent,
1805 527 1886 554 non
1917 511 2052 555 inutili
2083 529 2199 570 opera

209 578 347 622 *lianc
369 580 608 621 structuram
654 577 845 620 similibus
891 578 987 621 locis
1028 577 1204 621 collectis.
1234 577 1414 635 explicari
1453 579 1729 620 demonstrant.
1799 582 1898 623 Nam
1937 597 2196 639 quaecunque

235 647 354 707 pando
384 658 475 691 ante
506 647 678 706 exempla
710 648 908 705 congessi,
939 647 1104 690 dubium
1135 647 1378 706 relinquunt,
1419 657 1509 690 utro
1541 664 1654 699 casu,
1695 648 1822 705 primo
1855 666 1903 692 an
1933 660 2074 708 quarto
2102 650 2199 696 haec

237 718 420 774 adjuncta
450 718 501 760 sit:
537 719 749 775 appositi03
769 718 897 776 quod
925 734 976 760 ne
1008 717 1265 760 Sallustianus
1304 718 1466 775 quidem
1505 717 1554 760 de
1584 718 1759 761 Eumene
1797 718 1907 762 locus
1947 721 2052 763 omni
2082 720 2199 765 dubi-

235 787 380 832 tatione
410 786 556 842 liberat.
620 787 699 829 Sed
730 797 766 829 et
804 787 896 830 hinc
927 797 965 829 et
995 787 1097 829 Ann.
1129 787 1288 838 lI‚-64:
1326 789 1538 829 immittere
1579 788 1790 829 latronum
1817 788 1987 844 globos,
2028 792 2186 832 exscin-

234 857 328 899 dere
357 857 538 905 castella,
570 872 737 899 caussas
767 858 876 899 bello
909 882 964 898 -τ-
997 857 1046 898 de
1076 856 1205 899 indole
1235 867 1273 898 et
1304 857 1339 897 vi
1368 856 1450 912 ejus
1481 867 1698 899 structurae
1731 857 1947 900 edocemur.
2008 860 2108 902 Nam
2137 859 2192 901 le-

235 941 325 981 gem
356 925 551 983 quandam
583 927 871 982 grammaticam
902 925 994 968 hinc
1025 925 1160 968 elicere
1191 936 1229 968 et
1265 925 1356 968 licet
1391 936 1428 967 et
1457 925 1559 968 libet.
1619 926 1754 970 Primo
1793 927 1914 983 igitur
1948 937 2031 970 tum
2062 943 2109 969 ex
2137 928 2185 971 iis

235 994 354 1044 locis,
386 1011 485 1052 quos
516 1011 635 1053 supra
666 995 956 1045 denotavimus,
997 1005 1079 1037 tum
1110 996 1274 1038 maxime
1305 1010 1351 1037 ex
1382 994 1556 1045 duobus,
1600 1012 1699 1052 quos
1729 985 1948 1053 postremos
1979 996 2194 1047 retulimus,

234 1063 485 1120 intelligitur,
527 1064 626 1106 banc
658 1080 740 1107 esse
772 1065 1077 1122 oppositionem,
1110 1081 1208 1123 quae
1239 1080 1319 1106 nou
1349 1064 1398 1106 ad
1428 1063 1602 1119 singulas
1633 1080 1766 1115 voces,
1796 1065 1868 1108 sed
1898 1066 1950 1107 ad
1981 1065 2100 1111 colon
2127 1081 2194 1108 seu

235 1133 460 1180 membrum,
492 1133 641 1190 periodi
678 1134 874 1189 integrum
914 1134 1111 1175 refiiratur.
1172 1135 1301 1190 Atque
1333 1133 1385 1174 ob
1415 1148 1497 1174 eam
1537 1148 1618 1174 rem
1648 1133 1958 1176 Ramshornius
1997 1134 2021 1176 l.
2052 1151 2083 1176 c.
2116 1135 2192 1176 Cic.

235 1203 341 1244 Fam.
381 1203 421 1252 I,
452 1202 503 1243 4:
545 1217 755 1259 unumque
787 1204 994 1244 ‚emamen
1030 1211 1120 1244 erat
1156 1203 1361 1249 relictum,
1402 1204 1600 1243 sententia
1642 1205 1683 1242 V
1678 1203 1820 1244 oleatii
1847 1227 1901 1235 —
1933 1204 2063 1245 minus
2104 1213 2192 1260 apte

235 1269 420 1327 exemplis
459 1269 543 1312 aliis
574 1285 595 1312 e
626 1270 834 1321 Suetonio,
874 1272 1028 1319 Curtio,
1069 1271 1203 1313 Tacito
1241 1270 1453 1326 depromtis
1492 1269 1706 1325 subjunxit.
1767 1274 1970 1312 Sententia
2009 1272 2113 1312 enim
2150 1282 2194 1313 ut

233 1338 432 1381 verissima
461 1348 522 1381 est
549 1340 753 1396 appositio,
783 1340 836 1380 ita
856 1340 935 1381 ‚uni
967 1340 1049 1381 voci
1079 1347 1279 1381 certamen
1308 1338 1533 1380 adnectitur.
1565 1339 1706 1395 Neque
1737 1338 1859 1389 aliter,
1890 1338 2000 1396 quod
2031 1338 2193 1381 alterum

230 1407 378 1450 ibidem
415 1406 636 1464 insequitur
682 1407 907 1465 exemplum.
977 1409 1118 1462 Verius
1158 1406 1435 1450 Sallustianum
1475 1406 1525 1449 de
1561 1406 1739 1449 Eumene
1776 1407 1996 1465 exemplum
2045 1406 2195 1451 illatum

233 1486 354 1528 esset,
394 1477 458 1519 cui
489 1487 527 1518 et
555 1468 756 1534 ipsiilhaec
785 1478 967 1520 Tacitana
1004 1493 1160 1520 omnem
1198 1476 1478 1518 dubitationem
1509 1487 1713 1528 exuerent,
1753 1476 1872 1519 fidem
1902 1477 2094 1532 integram
2124 1477 2193 1520 tri-
2258 1509 2260 1512 s
2316 1492 2317 1495 ’

233 1546 432 1589 buendam
463 1561 546 1589 esse
576 1562 771 1602 negarem.
803 1548 904 1591 Nam
933 1548 969 1590 si
999 1547 1086 1605 quis
1118 1563 1213 1589 eam.
1230 1556 1464 1589 structuram
1495 1556 1723 1605 aspernatus
1755 1546 1912 1598 diceret,
1938 1549 2056 1603 pacis
2086 1562 2191 1589 mer-

234 1612 369 1658 cedem
398 1631 473 1675 pro
503 1615 745 1674 appositione
777 1616 889 1675 sequi
918 1618 1163 1665 Eumenem,
1194 1631 1276 1658 non
1307 1615 1537 1664 haberemus
1569 1616 1765 1674 profecto,
1804 1632 1883 1673 quo
1914 1630 2002 1657 eum
2034 1617 2192 1658 convin-

233 1700 431 1730 ceremus„
478 1688 595 1729 Nunc
625 1687 759 1728 Tacito
791 1697 947 1728 auctore
977 1687 1259 1736 contendimus,
1290 1686 1343 1735 id,
1375 1686 1484 1743 quod
1513 1686 1644 1729 trahat
1674 1686 1967 1743 appositionem,
1999 1701 2080 1728 non
2110 1701 2193 1728 esse

232 1756 478 1803 Eumenem,
518 1754 588 1796 sed
617 1754 671 1797 τό
705 1755 882 1811 prodere
911 1758 1145 1798 Eumenem.
1206 1756 1345 1812 Itaque
1384 1765 1429 1797 ut
1467 1754 1589 1797 altero
1628 1754 1856 1798 brexissimo
1898 1754 2072 1813 exemplo
2112 1754 2192 1812 pri-

232 1827 335 1865 mani
367 1822 451 1879 ejus
481 1823 537 1865 rei
568 1823 691 1879 legem
723 1823 969 1874 confirmem,
1008 1824 1110 1865 Anu.
1141 1825 1174 1875 Ι,
1206 1826 1274 1866 30.
1307 1839 1388 1865 non
1417 1823 1499 1865 vult
1528 1824 1687 1865 Tacitus
1718 1825 1867 1874 dicere,
1899 1838 1985 1874 eos,
2012 1817 2085 1881 ¹qui
2114 1833 2191 1865 tra-

233 1892 304 1934 diti
335 1892 414 1934 sint
444 1908 466 1935 a
495 1892 715 1950 manipulis,
747 1894 1022 1935 documentum
1052 1894 1170 1936 fuisse
1199 1893 1314 1945 fidei,
1344 1893 1415 1935 sed
1444 1892 1496 1936 τό
1527 1893 1689 1936 tradere
1720 1892 1944 1952 quosdam,
1978 1891 2089 1948 cujus
2121 1907 2188 1948 ap-

232 1960 374 2019 positio
406 1970 464 2003 est
493 1961 578 2012 illa,
619 1961 907 2004 documentum
924 1963 1041 2020 fidei.
1100 1964 1190 2004 Jam
1220 1979 1310 2004 vero
1341 1961 1496 2018 singula
1527 1963 1677 2019 periodi
1717 1963 1889 2005 membra
1926 1961 2054 2003 verbis
2084 1960 2189 2003 indi-

234 2040 328 2086 gent
356 2040 424 2072 aut
461 2031 669 2074 transitivis
706 2042 773 2073 aut
809 2032 1068 2074 intransitivis.
1130 2033 1178 2074 In
1216 2031 1465 2073 intransitivis
1503 2048 1584 2073 non
1616 2042 1672 2073 est
1702 2031 1750 2073 de
1789 2047 1881 2072 casu
1920 2028 2188 2086 appositionis,

233 2099 304 2143 sed
333 2098 386 2142 de
421 2114 585 2142 numero
616 2099 743 2144 solum
783 2101 1065 2160 quaerendum:
1104 2100 1146 2144 in
1176 2100 1383 2145 transitivis
1414 2099 1462 2143 de
1502 2110 1674 2159 utroque
1737 2099 1838 2141 Hine
1869 2097 1988 2141 altera
2029 2097 2093 2140 lex
2121 2113 2191 2141 na-

232 2169 366 2220 scitur,
398 2184 497 2227 quae
526 2168 752 2226 hujusmodi
783 2181 859 2212 est:
901 2171 944 2212 Si
976 2186 1020 2212 ex
1050 2170 1231 2228 pluribus
1268 2172 1386 2213 rebus
1425 2170 1537 2227 plura
1568 2170 1667 2211 effici
1697 2169 1952 2218 videbuntur,
1987 2168 2091 2224 haec
2122 2183 2191 2224 ap-

233 2238 389 2294 positio.
411 2253 619 2279 numerum
658 2237 849 2294 pluralem
886 2250 1032 2288 servat3
1081 2240 1142 2280 sin
1182 2256 1305 2281 unum
1344 2239 1521 2281 effectum
1561 2253 1642 2280 esse
1682 2237 1895 2287 videbitur,
1941 2235 2189 2291 singularem.

172 2331 181 2336 -
233 2305 320 2349 Hoc
350 2306 465 2349 docet
493 2305 594 2348 Anu.
627 2307 696 2358 VI,
726 2307 803 2349 29:
846 2322 1000 2355 eorum,
1031 2307 1187 2364 quide
1214 2323 1259 2349 se
1286 2308 1536 2354 statuebant,
1568 2304 1852 2349 humabantur
1882 2321 2068 2362 corpora,
2101 2319 2190 2345 ma-

231 2376 385 2417 nebant
403 2383 650 2423 testamenta,
678 2378 858 2431 pretium
875 2376 1121 2432 fesu‘nande‘.
1152 2376 1225 2419 Illa
1248 2378 1340 2427 duo,
1372 2376 1421 2418 τὸ
1445 2376 1598 2417 humari
1624 2391 1802 2432 corpora,
1834 2386 1873 2417 et
1888 2390 2044 2417 manere
2074 2384 2190 2415 testa-

231 2454 377 2497 menta,
406 2445 448 2487 in
479 2460 601 2487 unum
632 2445 799 2502 pretium
829 2444 1036 2487 festinandi
1067 2444 1305 2487 coaluerunt.
1368 2445 1512 2486 Contra
1542 2443 1643 2485 illud
1672 2438 1878 2486 Livianum
1907 2445 1978 2493 IX,
2009 2442 2079 2484 41.
2113 2440 2188 2496 (nil

232 2513 338 2561 enim
363 2514 548 2571 impedit,
586 2531 664 2572 quo
694 2514 823 2556 minus
861 2514 1061 2563 antecedat
1091 2524 1128 2555 et
1168 2515 1263 2557 haec
1294 2524 1331 2556 et
1361 2513 1433 2556 alia
1472 2514 1629 2571 quaevis
1669 2514 1885 2571 appositio)
1916 2511 2050 2569 plura,
2090 2526 2189 2568 quae

234 2591 413 2633 evenere,
442 2579 635 2626 mirabilia
664 2583 802 2634 fuisse,
842 2582 982 2640 plurali
1021 2582 1274 2640 appositionis
1312 2571 1476 2624 numero
1508 2583 1757 2625 demonstrat.
1816 2581 1965 2623 Eadem
2003 2580 2100 2626 ratio
2131 2588 2191 2621 est

234 2650 337 2693 Ann.
370 2652 403 2701 I,
433 2654 472 2693 3.
503 2653 572 2694 81.
607 2653 659 2704 ΙΙ,
692 2653 759 2695 64.
791 2663 859 2694 etc.
921 2653 1124 2693 Praeterea
1155 2652 1188 2693 si
1219 2667 1281 2694 res
1315 2668 1395 2694 una
1425 2651 1608 2709 pluribus
1639 2668 1660 2693 e
1690 2650 1865 2708 partibus
1897 2649 2103 2692 consistere
2134 2647 2191 2690 vi-

235 2720 678 2778 detur‚‘appositionem
707 2721 871 2779 pluralis
890 2721 1051 2763 ‘numeri
1082 2721 1316 2777 adjungere,
1347 2731 1393 2763 ut
1421 2721 1463 2763 in
1494 2721 1697 2764 collectivis
1738 2719 1919 2761 omnibus
1949 2717 2047 2760 licet.
2101 2716 2191 2760 Huc

233 2789 337 2831 refer
366 2790 469 2833 Ann.
501 2791 572 2841 XI,
608 2791 674 2833 11.
706 2793 794 2842 XV,
818 2792 887 2833 35.
917 2791 1091 2834 Eximius
1122 2801 1250 2834 autem
1280 2790 1403 2843 locus,
1435 2801 1471 2833 et
1502 2807 1617 2849 quem
1649 2787 1824 2832 consulto
1855 2797 1967 2831 antea
1995 2802 2078 2830 non
2109 2801 2191 2830 me-

234 2859 403 2909 moravi,
435 2869 493 2902 est
522 2860 619 2902 Hist.
652 2862 733 2911 Ill,
764 2861 842 2913 84.
873 2870 1015 2905 eontra
1048 2862 1277 2911 Vitelliani,
1317 2877 1561 2919 quanquam
1590 2874 1760 2902 numero
1780 2859 1963 2915 fatoque
1993 2855 2190 2914 dispares,

1655 2937 1717 2978 2*
