2436 3003
1197 57 1230 104 5

236 197 554 241 admirationem
578 194 880 253 profitentium,
918 196 1160 251 saptentiae,
1202 198 1391 238 scienaae
1421 205 1511 236 sunt
1542 211 1609 244 ea,
1651 210 1759 252 quae
1788 197 1884 252 quis
1915 194 2069 238 habens
2094 214 2193 253 pro-

229 268 331 325 pria
360 274 436 308 aut
464 267 628 323 sapiens
658 263 835 307 creditur
865 272 940 307 aut
968 263 1111 306 doctus
1141 281 1230 307 esse.
1295 264 1424 320 Quam
1458 264 1507 306 ad
1539 279 1618 306 rem
1651 281 1770 322 quum
1803 265 1929 309 omnis
1963 266 2094 309 aetatis
2126 283 2194 310 au-

235 350 325 378 reae
356 334 523 387 latinitas
553 334 647 376 ferri
678 333 873 385 videatur,
913 343 1041 377 tamen
1083 335 1315 392 scriptorum
1356 349 1472 376 nemo
1504 334 1629 376 acrius
1661 350 1742 376 eam
1775 346 1941 386 exercet,
1981 351 2098 394 quam
2132 337 2195 378 Ci-

161 412 165 415 ’
235 421 337 449 cero.
383 407 485 449 Nam'
515 420 636 462 quum
667 404 709 446 id
738 403 887 447 sedula
907 414 1051 460 ageret,
1084 414 1125 446 ut
1156 402 1343 447 sermonis
1375 403 1482 446 latini
1515 404 1728 447 ubertatem
1759 415 1795 447 et
1826 405 1975 463 copiam
2008 406 2058 448 ad
2088 406 2195 448 simi·

235 474 441 519 litudiuem
471 489 597 533 usque
629 474 866 522 Graecorum
898 472 1117 516 affluentiae
1149 483 1328 531 augeret,
1369 490 1505 531 campo
1535 472 1599 515 ille
1632 484 1782 531 apert0,
1822 475 1861 516 in
1895 491 1973 533 quo
2005 474 2193 533 plurimos

191 590 198 593 ,
237 558 377 601 greges
416 558 604 585 novarum
645 543 755 600 quasi
793 559 930 585 vocum
970 552 1158 601 captaret,
1202 543 1345 585 mirum
1386 552 1575 601 quantum
1614 543 1816 598 gaudebat.
1887 544 1965 586 Sed
2004 544 2194 602 quaedam

238 622 332 656 sunt
360 612 542 655 omnibus
574 612 827 668 scriptoribus
860 612 1093 661 communia,
1125 611 1251 669 qualia
1283 622 1374 653 sunt
1404 628 1506 668 spes,
1539 612 1789 662 acerbitates,
1820 615 1992 654 timores.
2059 614 2193 655 Cetera

233 682 459 740 scriptores,
489 691 609 738 prout
638 680 883 736 singulorum
914 680 988 722 fert
1018 680 1195 731 indoles„
1213 680 1362 736 fingere
1394 690 1687 723 consueverunt.

355 750 562 807 Operaene
592 749 759 807 pretium
789 749 926 791 faciam
965 748 1133 792 collectis
1164 751 1203 792 iu
1236 766 1356 791 unum
1398 748 1618 800 nonnullis,
1662 765 1761 807 quae
1792 750 1897 807 apud
1928 750 2104 792 Tacitum
2135 751 2194 792 in-

236 820 343 871 veni,
387 818 471 876 ejus
503 819 559 862 rei
591 818 793 877 exemplis,
835 818 1015 876 equidem
1046 820 1182 862 nescio.
1246 819 1325 862 Sed
1356 835 1471 876 quam
1503 819 1726 862 brevissime
1757 829 1916 876 potero,
1955 835 2036 861 rem
2068 820 2195 863 absol-

236 904 342 942 vam,
375 898 412 931 et
443 889 569 930 inesse
599 889 639 930 iu
673 903 729 939 ea,
760 888 869 945 quod
900 887 949 929 ad
979 887 1228 931 illustrandos
1269 888 1416 945 aliquot
1455 888 1560 930 locos
1592 888 1793 945 pertineat,
1837 889 2045 930 ostendam.
2090 889 2191 931 Anu.

236 959 268 1008 l,
303 959 368 1001 11.
401 961 671 1007 necessitates,
712 959 962 1012 largitiones.
996 958 1061 1001 58.
1086 959 1306 1000 utilitates.
1339 959 1404 1000 69.
1436 959 1496 1007 II,
1530 959 1596 999 57.
1628 958 1696 1007 IV,
1729 960 1797 1000 60.
1830 959 1909 1009 ΧΙ,
1942 960 1978 1000 6.
2012 959 2108 1000 Hist.
2142 960 2193 1008 ΙΙ,

237 1029 305 1069 95.
337 1037 375 1068 et
405 1026 516 1069 alibi:
548 1026 655 1068 odia.
688 1027 790 1067 Anu.
814 1027 846 1077 Ι,
868 1026 933 1068 74.
970 1027 1054 1082 (cfr.
1079 1028 1126 1069 H.
1144 1028 1196 1078 ΙΙ,
1221 1029 1307 1079 15.)
1338 1029 1525 1068 miseriae
1555 1035 1798 1083 temporum,
1829 1027 2030 1068 audaciae
2061 1026 2194 1068 homi-

238 1111 349 1138 num.
390 1096 452 1146 II,
488 1095 550 1137 14.
596 1097 795 1137 vimimam
825 1103 970 1137 textus.
1004 1098 1070 1138 32.
1125 1098 1384 1138 auctoritates
1423 1095 1769 1153 adulationesque.
1812 1097 1879 1137 42.
1913 1097 1980 1137 57.
2013 1096 2093 1145 ΙΙΙ,
2127 1096 2193 1138 54.

236 1167 344 1215 XVI,
381 1168 450 1206 23.
484 1175 521 1205 et
559 1164 671 1206 alibi:
713 1166 974 1220 offensiones.
1006 1167 1067 1214 ΙΙ,
1097 1167 1164 1207 43.
1197 1166 1304 1213 XIV,
1346 1166 1412 1204 57.
1445 1175 1481 1205 et
1522 1165 1742 1219 saepissime
1774 1181 1805 1204 a.
1838 1165 1860 1204 l.
1892 1181 1990 1219 spes.
2024 1166 2076 1214 II,
2109 1168 2195 1214 55.;

236 1235 526 1275 insectationes:
562 1234 628 1274 71.
661 1233 729 1283 VI,
761 1234 799 1275 4.
834 1234 953 1283 XIII,
987 1235 1053 1275 50.
1088 1234 1182 1286 (cfr.
1218 1233 1292 1274 Cic.
1325 1248 1397 1289 pro
1429 1231 1558 1274 Plane.
1592 1232 1659 1273 42.
1695 1232 1800 1273 Caes.
1833 1232 1869 1273 b.
1902 1248 1939 1287 g.
1970 1233 2069 1281 VII,
2104 1234 2194 1287 17.)

237 1302 483 1344 acerbitates.
522 1302 584 1352 II,
616 1303 682 1345 87.
716 1304 1003 1358 occupationes.
1037 1303 1119 1352 III,
1151 1305 1217 1343 25.
1251 1300 1348 1343 Dial.
1380 1301 1447 1343 28.
1481 1301 1745 1342 educationes.
1779 1301 1859 1350 III,
1891 1302 1959 1342 26.
1993 1304 2195 1343 coe'rcitio-

237 1386 316 1411 nes.
349 1372 416 1411 30.
450 1371 518 1420 IV,
550 1370 618 1412 28.
650 1370 746 1422 [cfr.
778 1371 866 1412 Sen.
898 1373 983 1413 Nat.
1017 1372 1065 1426 Q.
1101 1372 1154 1413 16
1186 1371 1254 1427 Ep.
1291 1371 1413 1423 122.)
1458 1369 1683 1412 munditiae
1714 1370 1794 1419 III,
1826 1371 1895 1411 26.
1928 1371 2026 1419 XII,
2057 1371 2096 1411 4.
2129 1373 2195 1412 30.

238 1439 348 1489 XIII,
384 1439 418 1480 1.
450 1438 758 1481 dominationes.
792 1440 864 1490 III,
895 1439 963 1482 28.
996 1448 1136 1482 status.
1169 1439 1233 1481 34.
1267 1438 1365 1481 Dial.
1397 1439 1463 1481 28.
1499 1439 1583 1494 (cfr.
1620 1438 1695 1480 Cic.
1728 1438 1777 1479 de
1808 1437 1881 1494 leg.
1913 1439 1944 1490 I,
1981 1439 2067 1491 11.)
2093 1455 2195 1496 pra-

241 1511 389 1549 vitates.
422 1508 494 1557 III,
526 1508 604 1549 45:
631 1509 805 1562 gloriae.
837 1509 904 1558 IV,
940 1509 1013 1550 11:
1045 1509 1282 1550 auditiones.
1317 1510 1392 1549 30:
1426 1524 1524 1550 usus
1558 1510 1669 1548 vitae.
1703 1509 1768 1550 40.
1800 1508 1878 1556 VI,
1911 1508 1976 1548 39.
2010 1508 2109 1550 Dial.
2145 1511 2193 1550 5:

240 1578 453 1618 amicitiae.
490 1577 558 1627 IV,
602 1577 668 1619 54.
708 1577 782 1628 VI,
814 1576 891 1619 45:
930 1578 1220 1620 simulationes.
1263 1578 1331 1628 IV,
1365 1578 1429 1618 71.
1471 1587 1508 1618 et
1547 1576 1789 1633 saepissime:
1831 1585 1969 1618 metus.
2010 1577 2087 1627 Vl,
2128 1580 2195 1618 22.

241 1646 331 1696 XII,
362 1645 402 1688 4.
436 1645 522 1700 (cfr.
556 1646 631 1687 Cic.
665 1662 721 1703 ep.
756 1646 787 1696 Ι,
823 1646 907 1702 10.)
927 1647 1144 1703 fallaciae.
1177 1647 1254 1696 Vl,
1286 1647 1363 1688 29:
1396 1648 1530 1687 exitia.
1563 1647 1640 1687 45:
1673 1644 1985 1702 aedificationes.
2020 1648 2097 1688 50:
2131 1663 2197 1688 va-

241 1714 446 1757 letudines.
480 1715 552 1764 XI,
584 1715 661 1757 38:
693 1717 889 1757 tristitiae.
922 1716 1011 1764 XII,
1044 1716 1116 1757 15:
1147 1718 1320 1770 gratiae.
1352 1717 1429 1757 20:
1462 1716 1706 1756 nobilitates.
1742 1716 1808 1756 36.
1842 1715 1950 1765 XIV,
1970 1716 2045 1756 61:
2078 1716 2196 1757 clien-

240 1784 343 1826 telae
383 1792 422 1826 et
458 1786 630 1827 servitia.
672 1785 779 1835 XIV,
811 1784 857 1827 4:
894 1783 1139 1827 iracundiae.
1182 1787 1268 1836 XV,
1304 1787 1381 1828 55:
1421 1785 1635 1827 libertates.
1670 1785 1716 1827 Η.
1751 1785 1792 1834 Ι,
1828 1785 1901 1842 15:
1942 1784 2195 1827 necessitudi-

241 1868 319 1894 nes.
347 1853 420 1895 58:
456 1856 690 1895 vacationes.
720 1855 772 1904 II,
805 1854 878 1895 10:
909 1853 1140 1895 delationes.
1168 1854 1245 1898 87:
1277 1857 1542 1896 amoenitates
1568 1854 1773 1895 villarum.
1806 1863 1848 1894 ut
1875 1854 1953 1895 Liv.
1980 1854 2090 1904 XXI,
2117 1855 2194 1895 30:

241 1925 443 1976 montium
473 1923 720 1966 altitudines.
753 1925 800 1965 H.
833 1924 906 1974 Ill,
940 1926 1015 1966 70:
1047 1927 1314 1980 captivitates,
1346 1924 1577 1966 deditiones.
1611 1925 1678 1973 IV,
1713 1924 1788 1966 38:
1815 1940 1996 1979 pavores.
2030 1924 2124 1980 Agr.
2156 1925 2195 1966 9.

240 1990 340 2034 Dial.
372 1992 450 2035 28:
493 1995 760 2035 remissiones.
793 1993 888 2048 Agr.
921 1995 1002 2034 22:
1045 1996 1375 2049 opportunitates.
1407 1994 1486 2035 45:
1518 1994 1715 2049 pallores.
1747 1991 1844 2034 Dial.
1876 1992 1923 2033 4:
1963 1992 2197 2035 advocatio-

242 2077 320 2103 nes.
353 2062 398 2103 6:
431 2063 647 2103 comitatus
678 2070 716 2103 et
743 2078 938 2118 egressus.
971 2063 1047 2104 21:
1080 2065 1357 2118 cogitationes,
1388 2065 1675 2119 occupationes.
1711 2062 1783 2103 34:
1809 2064 2123 2118 praeceptiones.

360 2130 474 2186 Quae
504 2131 656 2189 siquis
687 2141 745 2174 tot
774 2142 851 2174 tam
885 2132 986 2174 varia
1007 2131 1197 2188 ‘exempla
1239 2131 1518 2188 contemplatus
1555 2131 1688 2180 fuerit,
1728 2130 1832 2172 haud
1865 2146 1959 2173 sane
1991 2131 2199 2181 dubitabit,

242 2199 344 2240 Anu.
375 2200 444 2250 IV,
476 2201 552 2241 33:
582 2202 785 2255 infamias
815 2201 1036 2249 restituere,
1070 2215 1184 2256 quem
1216 2199 1404 2256 pluralem
1438 2216 1459 2241 a
1493 2202 1616 2241 Gron.
1649 2198 1805 2255 pulsum
1838 2201 2060 2251 Ernestus,
2093 2201 2200 2258 quod

243 2267 348 2310 aliud
381 2267 465 2325 ejus
495 2268 598 2310 vocis
631 2268 847 2326 exemplum
876 2267 1026 2326 plurale
1057 2284 1136 2310 non
1169 2268 1403 2326 reperiatur,‘
1426 2283 1603 2310 revocare
1634 2267 1768 2310 noluit.
1826 2268 1977 2312 Multae
2009 2269 2197 2326 ejusmodi

242 2354 366 2388 voces,
398 2354 494 2395 quas
526 2348 614 2380 ante
645 2338 785 2388 notavi,
816 2337 933 2380 semel
966 2338 1070 2395 apud
1100 2338 1274 2379 Tacitum
1307 2338 1502 2393 leguntur,
1534 2338 1690 2380 nemine
1720 2339 1949 2396 refragante.
1996 2340 2199 2386 Praeterea

244 2406 390 2450 caussis
421 2407 562 2464 apertis
593 2406 819 2464 scriptorem
851 2416 1086 2449 commotum
1118 2406 1235 2448 fuisse
1267 2406 1513 2463 intelligitur,
1557 2417 1599 2449 ut
1631 2406 1822 2464 singulari
1853 2422 2013 2449 numero
2040 2423 2199 2464 poenae

243 2474 433 2533 pluralem
463 2475 738 2533 insamiarum
767 2476 1031 2532 subjungeret.
1088 2477 1186 2519 Nam
1216 2485 1369 2533 praeter
1399 2475 1567 2528 exilium,
1600 2477 1710 2534 quod
1740 2476 1834 2519 nihil
1865 2476 2101 2532 ignominiae
2132 2478 2198 2519 ba-

243 2544 379 2595 bebat,
422 2561 501 2587 una
530 2545 610 2587 fere
641 2561 763 2603 poena
794 2545 868 2587 sub
900 2545 1057 2586 Tiberio
1088 2544 1356 2601 plectebantur
1394 2534 1527 2587 sontes
1560 2556 1675 2604 atque
1706 2546 1899 2596 insontes;
1938 2555 2071 2587 contra
2101 2545 2200 2587 infa-

244 2613 343 2657 miae
373 2612 494 2657 multa
526 2630 669 2670 genera
700 2625 820 2664 erant,
852 2614 934 2656 viae
964 2613 1171 2671 plurimae3
1214 2624 1250 2656 et
1281 2625 1375 2657 sunt
1404 2614 1479 2657 hoc
1513 2614 1598 2658 loco
1629 2616 1830 2671 infamiae
1863 2614 1997 2672 (quod
2027 2614 2129 2656 inest
2158 2615 2199 2656 in

244 2682 320 2726 hoc
351 2697 493 2740 genere
523 2682 767 2741 pluralium),
799 2700 878 2727 non
910 2693 986 2727 tam
1018 2699 1164 2742 poenae
1196 2684 1405 2737 censoriae,
1439 2701 1555 2743 quam
1588 2684 1778 2727 dedecora
1809 2694 1846 2726 et
1876 2682 2020 2739 flagitia
2043 2700 2201 2734 eorum,

246 2752 314 2808 qui
344 2752 419 2795 sibi
450 2768 472 2795 a
502 2753 679 2811 principe
702 2758 779 2811 'per
809 2754 994 2797 effusam—⁷
1013 2753 1212 2797 libidinem
1243 2763 1359 2812 atque
1390 2754 1655 2812 impotentiam
1684 2752 1795 2795 illudi
1827 2753 2093 2810 patiebantur,
2136 2764 2201 2796 aut

247 2819 443 2864 adulando
474 2838 565 2865 suos
597 2833 634 2865 et
664 2823 855 2880 majorum
888 2822 1021 2866 laudes
1052 2823 1371 2875 dehonestabant,
1404 2824 1531 2883 qualia
1563 2824 1635 2866 hoc
1666 2822 1766 2866 libro
1799 2822 1839 2865 C.
1870 2823 1935 2866 74.
1969 2823 2199 2867 referuntur.
