2436 3003
238 229 300 273 At
320 228 550 287 primum
580 224 662 272 alio
678 223 899 277 decim-aa,
919 223 1032 277 doni
1063 222 1201 270 auxilia
1232 225 1456 283 quaerenda
1485 238 1570 267 esse
1600 236 1748 268 censeo.
1810 223 1943 284 Atque
1972 236 2032 270 est
2062 241 2108 270 ea
2137 227 2198 271 lex

238 298 415 354 lingum·
426 295 588 353 antiqua
615 304 655 339 et
682 292 776 350 olim
806 295 981 352 probata,
1011 303 1058 336 ut
1087 309 1158 351 per
1185 294 1456 350 cognationem
1488 309 1556 335 eae
1586 304 1821 344 structurae,
1865 305 1982 353 quae
1996 297 2198 340 videantur

237 381 373 417 navae,
404 364 591 420 oriantur.
620 363 796 421 Eamque
827 362 955 420 legem
985 362 1020 406 si
1050 361 1167 420 paulo
1199 362 1313 406 latius
1339 372 1475 420 patere
1505 361 1677 412 fateare,
1691 379 1807 420 quam
1839 365 2055 409 communis
2085 376 2200 410 antea

218 434 428 497 'syntaxis
445 431 655 487 concessit,
686 432 870 476 subsidiis
902 431 1061 476 aliunde
1090 432 1217 489 petitis
1248 447 1327 474 non
1360 432 1431 475 erit
1462 447 1571 490 opus.
1636 431 1871 491 Quanquam
1911 442 2038 477 autem
2077 450 2198 495 syno-

240 521 360 566 nyma
378 513 483 546 ‘sunt
511 501 710 560 pleraque,
741 503 886 559 quibus
916 502 1012 543 haec
1043 500 1279 551 efficiuntur,
1308 511 1437 542 tamen
1468 501 1576 542 haud
1606 517 1695 542 raro
1727 501 1818 543 haee
1850 512 1907 545 est
1930 504 1989 545 via
2021 504 2197 561 ratioque

240 585 297 626 ut,
321 572 512 618 admbio
542 571 715 630 quodam
744 580 782 613 et
810 571 929 614 verbo
960 585 1119 628 quoque
1150 569 1451 614 coalescentibus
1478 569 1521 612 in
1548 585 1671 611 unum
1702 570 1943 623 vocabulum,
1975 572 2081 615 verbi
2112 572 2198 630 ejus

240 651 455 694 structura,
492 642 536 684 in
566 656 710 683 novum
741 640 902 684 verbum
933 639 1164 682 conferatur.
1224 640 1323 683 Nam
1356 639 1512 698 alioqui,
1546 639 1670 694 (Hist.
1704 639 1744 691 I,
1776 642 1841 682 76.
1875 651 1911 682 et
1942 640 2016 697 al.)
2049 651 2092 684 ut
2122 641 2199 684 hoc

241 722 331 755 utar
360 710 549 768 exemplo,
570 725 666 751 -rem
683 710 892 765 fista'nare
923 724 967 751 ea
997 708 1048 750 de
1078 724 1211 751 caussa
1242 708 1404 759 dicitur,
1436 708 1546 766 quod
1575 707 1695 763 hujus
1726 709 1832 750 verbi
1863 711 2048 751 transitivi
2078 711 2199 752 maxi-

241 798 306 825 ma
336 790 395 824 est
435 778 613 836 cognatio
655 795 744 822 cum
782 778 909 821 verbo
941 777 1139 821 transitivo
1176 778 1408 820 accelerare.
1471 778 1525 820 At
1558 777 1687 820 Germ.
1720 779 1789 819 20.
1832 793 1945 820 nemo
1984 788 2062 829 est,
2101 779 2197 837 quin

240 849 391 906 videet,
411 863 484 891 nee
515 847 727 890 Graecismi
759 862 841 889 esse
872 862 1009 897 usum,
1050 862 1120 887 nec
1150 847 1289 888 mutari
1321 862 1402 887 rem
1432 862 1591 895 novam,
1622 847 1655 887 si
1674 848 1882 902 festinare
1911 848 2012 887 idem
2045 848 2197 896 dixeris,

242 918 352 977 quod
380 918 603 960 accelerare
611 934 641 979 ,ᾖ
666 917 736 960 sed
767 917 847 963 duo
877 916 920 959 in
950 915 1050 959 hanc
1089 932 1218 959 vocem
1250 914 1495 966 coaluerunt,
1526 915 1750 959 adverbium
1777 933 1953 973 propere
1986 932 2054 959 seu
2072 919 2197 975 sesti·

241 995 386 1031 nanter
415 997 453 1029 et
483 987 645 1029 verbum
673 986 883 1028 collo-care.

361 1044 477 1113 Quae
507 1056 706 1113 quomodo
738 1055 788 1100 ad
818 1071 979 1097 casuum
1016 1056 1228 1097 rectionem
1258 1054 1492 1111 pertineant,
1534 1055 1726 1109 congestis
1764 1065 1876 1097 antea
1916 1055 2099 1113 exemplis
2130 1057 2197 1098 de-

244 1135 494 1169 monstratur.
555 1125 635 1167 Sed
665 1125 716 1167 ad
746 1124 840 1167 alias
880 1140 1037 1181 quoque
1067 1135 1273 1184 syntaxeos
1303 1133 1430 1180 partes
1472 1123 1661 1180 quaedam
1692 1124 1782 1166 inde
1814 1125 2012 1167 accedunt.
2076 1125 2198 1182 Quod

244 1194 345 1237 enim
378 1194 515 1237 Cicero
554 1193 640 1251 ipse
667 1193 740 1251 Ep.
783 1195 849 1235 30.
884 1194 988 1249 (Att.
1023 1194 1082 1245 ΙΙ,
1113 1194 1182 1246 4.)
1222 1208 1265 1235 ac
1298 1192 1439 1234 Caesar
1476 1192 1657 1249 idemque
1686 1193 1843 1235 Tacitus
1885 1193 1977 1235 locis
2018 1193 2198 1251 plurimis

244 1263 362 1307 verbo
391 1265 618 1319 imperare,
649 1263 759 1320 quod
789 1263 905 1306 iidem
936 1263 1062 1305 verbis
1093 1270 1289 1319 expetere,
1317 1277 1503 1318 poscere,
1530 1262 1764 1317 postulare,
1797 1262 1962 1303 hortari
1989 1264 2093 1317 (Cic.
2125 1279 2199 1320 pro

245 1331 348 1373 Sext.
380 1332 454 1385 3.)‚
485 1331 617 1374 Livius
649 1331 764 1373 etiam
796 1331 962 1386 (XXII,
996 1333 1060 1386 6.)
1104 1331 1218 1372 verbo
1249 1331 1459 1386 impellere
1495 1330 1655 1371 modum
1692 1329 1924 1370 infinitivum
1967 1330 2199 1387 adjungunt,

244 1415 319 1442 usu
350 1399 465 1442 verbi.
479 1399 625 1456 jubere
655 1399 834 1441 effectum
866 1410 932 1441 est.
992 1400 1025 1441 E
1057 1399 1161 1441 verbi
1187 1400 1331 1457 jubere
1361 1415 1434 1439 usu
1466 1398 1570 1455 apud
1600 1398 1776 1439 Tacitum
1809 1398 1883 1440 alia
1914 1415 2072 1456 quoque
2104 1408 2196 1443 orta.

244 1469 348 1510 Anu.
370 1468 458 1517 Vl,
489 1470 527 1508 2.
561 1468 634 1518 XI,
668 1468 742 1510 10:
783 1484 911 1509 orare.
944 1470 1018 1519 VI,
1053 1471 1088 1510 7.
1122 1468 1214 1521 (cfr.
1246 1467 1345 1509 Ptin.
1377 1468 1447 1524 Ep.
1479 1468 1519 1517 Ι,
1549 1470 1616 1514 2.)
1649 1467 1876 1509 admonere.
1909 1469 1980 1517 XI,
2013 1468 2090 1509 34:
2135 1472 2196 1510 in—

244 1544 362 1579 stare.
404 1539 493 1586 XV,
509 1559 514 1563 ·
532 1538 610 1578 25:
649 1538 831 1579 scribere.
878 1538 987 1588 XVI,
1031 1538 1102 1578 11:
1148 1540 1348 1578 nunciare.
1399 1537 1527 1578 Germ.
1573 1536 1649 1578 14:
1690 1537 1946 1592 persuadere.
1989 1536 2084 1592 Agr.
2118 1540 2195 1582 38:

239 1607 482 1663 praecipere.
542 1607 623 1650 Nec
655 1605 805 1657 dubito,
836 1607 904 1658 VI,
937 1609 1003 1650 33.
1036 1606 1105 1656 XI,
1137 1606 1215 1648 29:
1249 1606 1483 1664 perpellere.
1515 1605 1615 1655 XII,
1649 1606 1725 1648 51:
1752 1606 1987 1663 percellere,
2021 1607 2087 1658 IV,
2123 1608 2196 1650 12:

244 1675 409 1724 illicere,
441 1675 493 1725 ΙΙ,
524 1675 603 1717 43;
633 1676 803 1727 ambire,
835 1677 884 1719 ad
915 1677 1075 1719 eandem
1106 1692 1281 1717 caussam
1313 1676 1465 1717 referre.
1527 1676 1578 1716 Et
1610 1685 1668 1716 est
1698 1675 1806 1717 locus
1838 1677 2017 1727 auctoris,
2050 1678 2111 1718 cui
2138 1678 2196 1718 in-

246 1743 376 1786 didem
407 1743 626 1786 subsidium
662 1746 795 1801 quaeri
827 1756 1011 1803 oporteat,
1042 1747 1144 1788 Ann.
1177 1745 1246 1795 VI,
1276 1744 1355 1787 45:
1387 1747 1517 1787 nimia
1541 1745 1635 1803 jam
1661 1747 1846 1801 potentia
1874 1748 2093 1795 Macronis,
2125 1749 2202 1804 qui

240 1815 428 1869 gratiam
451 1814 494 1855 C.
522 1814 711 1855 Caesaris
741 1830 955 1872 nunquam
984 1815 1070 1856 sibi
1096 1814 1320 1870 neglectam
1350 1816 1487 1855 acrius
1525 1816 1570 1855 in
1601 1814 1686 1856 dies
1703 1815 1885 1871 fovebat.
1946 1816 2194 1871 Impulerat-

246 1896 330 1937 que-
344 1889 443 1937 post
467 1890 640 1926 mortem
670 1883 883 1931 Claudiae,
915 1900 1045 1940 quam
1071 1892 1243 1940 nuptam
1264 1886 1305 1924 ei
1320 1885 1452 1932 retuli,
1485 1899 1658 1924 uxorem
1687 1900 1808 1925 suam
1832 1886 2013 1925 Enniam
2042 1888 2195 1926 immit-

245 1949 378 1998 tendo,
403 1965 545 1992 amore
557 1950 746 2008 juvenem
766 1953 929 1994 inlicere
951 1960 1017 1994 etc.
1049 1952 1113 1994 Sic
1133 1952 1235 1994 enim
1255 1951 1348 1994 colis
1367 1951 1640 2008 distinguenda
1659 1968 1768 1993 secus
1787 1961 1899 2009 atque
1918 1953 1957 1993 in
1977 1952 2065 1994 edit.
2090 1968 2196 1994 com·
2226 1970 2229 1975 ·

246 2028 367 2077 paret,
387 2017 482 2062 haec
512 2019 627 2063 verba
659 2035 815 2073 censeo;
847 2037 918 2063 nec
949 2037 1080 2064 rarum
1112 2021 1218 2080 apud
1248 2021 1436 2071 Tacitum,
1469 2021 1650 2078 periodos
1682 2037 1702 2063 a
1734 2020 1870 2078 copula
1903 2021 2031 2079 incipi.
2095 2023 2196 2063 Utu't

247 2104 338 2132 vero
369 2088 418 2130 de
456 2087 574 2132 hocce
614 2098 782 2139 statuas,
823 2091 874 2133 ad
911 2090 1157 2149 explicanda,
1198 2107 1297 2148 quae
1328 2091 1365 2132 h.
1398 2090 1420 2132 l.
1460 2091 1638 2132 videntur
1677 2090 1922 2140 obscuriora,
1962 2091 2108 2148 duplex
2138 2092 2197 2133 via

247 2156 429 2215 aperitur.
459 2159 558 2204 Nam
586 2167 652 2199 aut
679 2174 851 2201 uxorem
875 2177 998 2202 suam
1025 2161 1073 2203 ad
1105 2171 1312 2218 utrumque
1344 2170 1401 2202 est
1431 2160 1691 2210 referendum
1722 2160 1945 2215 impulerat
1973 2170 2012 2202 et
2043 2163 2197 2202 immit-

247 2226 393 2276 tandm·
421 2225 533 2284 cujus
559 2227 615 2271 rei
639 2236 731 2270 sunt
752 2228 857 2286 apud
877 2219 1081 2271 Horatium
1103 2228 1275 2287 exempla
1301 2227 1510 2288 complura,
1533 2241 1697 2286 quorum
1717 2244 1840 2270 uuum
1859 2228 2035 2272 inferam.
2068 2229 2198 2286 Hujus

249 2297 325 2338 Od.
357 2297 437 2347 ΙΙΙ,
467 2298 537 2338 29.
578 2297 756 2353 strophes
796 2298 928 2339 tertiae
969 2299 1032 2339 hic
1073 2299 1146 2340 erit
1184 2315 1342 2341 sensus:
1391 2302 1508 2346 vices,
1544 2307 1691 2351 gratae
1726 2298 1943 2348 divitibus,
1982 2308 2020 2340 et
2055 2315 2200 2340 coenae

248 2364 427 2408 mundae
457 2368 524 2414 etc.
558 2365 804 2423 plerumque
833 2365 1024 2409 divitibus
1053 2382 1125 2408 seu
1165 2366 1337 2409 divitum
1366 2367 1586 2409 sollicitam
1612 2368 1806 2421 frontem
1843 2367 2056 2425 explicant
2119 2367 2197 2409 Sed
2247 2414 2258 2421 ⁵

248 2433 332 2491 ipse
348 2433 518 2476 Tacitus
553 2434 687 2477 scribit
725 2435 827 2476 Ann.
860 2436 918 2487 II,
954 2436 1030 2477 14.-
1074 2439 1118 2477 si
1141 2436 1276 2477 taedio
1302 2439 1466 2477 warum
1497 2451 1547 2475 ac
1575 2438 1707 2476 maris
1725 2436 1862 2493 finem
1903 2439 2067 2492 cupiant
2075 2453 2090 2483 ;
2129 2436 2197 2477 ubi

250 2502 481 2556 dignoscere
509 2519 691 2561 nequeas,
723 2506 773 2546 ad
799 2496 928 2547 utrum
961 2500 1155 2546 referendi
1185 2506 1264 2547 sint
1292 2505 1459 2559 genitivi,
1491 2515 1527 2546 et
1552 2515 1721 2562 utroque
1751 2506 1975 2547 referendos
2007 2522 2090 2547 esse
2121 2505 2198 2547 veri

250 2579 307 2612 est
344 2570 595 2628 simillimum.
656 2573 757 2616 Tum
796 2572 1028 2617 luculentius
1065 2573 1165 2616 -Hist
1205 2573 1245 2625 l,
1278 2573 1351 2616 64:
1392 2574 1441 2616 ni
1469 2573 1622 2623 Valens
1661 2572 2011 2625 animadversione
2042 2587 2198 2630 pauco-

252 2655 345 2681 rum
371 2640 526 2684 oblitos
548 2642 645 2699 jam
672 2645 856 2685 Batavos
895 2645 1062 2701 imperii
1095 2641 1383 2684 admonuisset.
1446 2646 1625 2700 Imperii
1664 2644 1763 2685 enim
1794 2658 1864 2700 per
1895 2653 2104 2698 utrumque
2134 2641 2197 2683 fit:

252 2708 400 2754 oblitos
431 2718 467 2750 et
497 2710 785 2754 admonuisset.
848 2712 966 2755 Haud
995 2729 1105 2754 secus
1136 2722 1271 2753 nostro
1302 2711 1388 2755 loco
1420 2729 1594 2754 uxorem
1623 2729 1744 2757 suam
1773 2729 1845 2769 per
1875 2722 2090 2767 utrumque,
2111 2708 2199 2775 fieri

251 2776 383 2832 potuit
415 2778 640 2834 impulerat
674 2790 710 2823 et
747 2781 1011 2824 immittendo.
1045 2782 1171 2834 *Tum
1211 2780 1369 2823 Tacitus
1408 2780 1614 2824 ablativum
1654 2780 1838 2837 gerundii
1868 2779 2090 2836 saepissime
2126 2793 2200 2836 pro

251 2844 468 2902 participio
484 2847 590 2890 verbi
622 2849 733 2891 activi
763 2850 893 2908 ponit,
935 2861 979 2893 ut
1009 2851 1084 2902 VI,
1128 2850 1206 2893 38:
1246 2850 1486 2910 objectanda
1516 2867 1587 2908 pro
1629 2850 1841 2908 objectans.
1903 2849 1953 2889 Et
1992 2849 2201 2904 impellere
