<?xml version="1.0" encoding="UTF-8"?>
<!DOCTYPE html PUBLIC "-//W3C//DTD XHTML 1.0 Transitional//EN"
    "http://www.w3.org/TR/xhtml1/DTD/xhtml1-transitional.dtd">
<html xmlns="http://www.w3.org/1999/xhtml" xml:lang="en" lang="en">
 <head>
  <title>
</title>
<meta http-equiv="Content-Type" content="text/html;charset=utf-8" />
  <meta name='ocr-system' content='tesseract 3.04.00' />
  <meta name='ocr-capabilities' content='ocr_page ocr_carea ocr_par ocr_line ocrx_word'/>
</head>
<body>
  <div class='ocr_page' id='page_1' title='image "4773742_0021.png"; bbox 0 0 2436 3003; ppageno 0'>
   <div class='ocr_carea' id='block_1_1' title="bbox 1200 81 1265 135">
    <p class='ocr_par' dir='ltr' id='par_1_1' title="bbox 1200 81 1265 135">
     <span class='ocr_line' id='line_1_1' title="bbox 1200 81 1265 135; baseline -0.077 0"><span class='ocrx_word' id='word_1_1' title='bbox 1200 81 1265 135; x_wconf 73' lang='lat'><strong>1³</strong></span> 
     </span>
    </p>
   </div>
   <div class='ocr_carea' id='block_1_2' title="bbox 211 217 2214 2131">
    <p class='ocr_par' dir='ltr' id='par_1_2' title="bbox 198 217 2214 894">
     <span class='ocr_line' id='line_1_2' title="bbox 257 217 2211 278; baseline 0.001 -14"><span class='ocrx_word' id='word_1_2' title='bbox 257 219 300 263; x_wconf 83' lang='lat' dir='ltr'><strong>in</strong></span> <span class='ocrx_word' id='word_1_3' title='bbox 329 218 470 264; x_wconf 69' lang='lat' dir='ltr'><strong>illam</strong></span> <span class='ocrx_word' id='word_1_4' title='bbox 457 218 737 272; x_wconf 74' lang='lat' dir='ltr'>attractionem</span> <span class='ocrx_word' id='word_1_5' title='bbox 767 226 896 275; x_wconf 80' lang='lat' dir='ltr'><strong>prona</strong></span> <span class='ocrx_word' id='word_1_6' title='bbox 929 217 1103 262; x_wconf 80' lang='lat' dir='ltr'>incurrit.</span> <span class='ocrx_word' id='word_1_7' title='bbox 1164 217 1224 259; x_wconf 90' lang='lat' dir='ltr'><strong>De</strong></span> <span class='ocrx_word' id='word_1_8' title='bbox 1254 233 1331 275; x_wconf 84' lang='lat' dir='ltr'><strong>qua</strong></span> <span class='ocrx_word' id='word_1_9' title='bbox 1374 232 1416 259; x_wconf 92' lang='lat' dir='ltr'><strong>re</strong></span> <span class='ocrx_word' id='word_1_10' title='bbox 1446 218 1567 273; x_wconf 84' lang='lat' dir='ltr'><strong>igitur</strong></span> <span class='ocrx_word' id='word_1_11' title='bbox 1608 219 1749 261; x_wconf 88' lang='lat' dir='ltr'><strong>summi</strong></span> <span class='ocrx_word' id='word_1_12' title='bbox 1788 219 2016 278; x_wconf 79' lang='lat' dir='ltr'><strong>interpretes</strong></span> <span class='ocrx_word' id='word_1_13' title='bbox 2046 222 2144 264; x_wconf 84' lang='lat' dir='ltr'><strong>Hist.</strong></span> <span class='ocrx_word' id='word_1_14' title='bbox 2179 223 2211 274; x_wconf 91' lang='lat'><strong>1,</strong></span> 
     </span>
     <span class='ocr_line' id='line_1_3' title="bbox 256 275 2211 347; baseline 0.001 -15"><span class='ocrx_word' id='word_1_15' title='bbox 256 289 335 332; x_wconf 88' lang='grc'><strong>44·</strong></span> <span class='ocrx_word' id='word_1_16' title='bbox 366 286 532 333; x_wconf 80' lang='lat' dir='ltr'><strong>muitum</strong></span> <span class='ocrx_word' id='word_1_17' title='bbox 563 288 799 331; x_wconf 78' lang='lat' dir='ltr'><strong>dubitavere.</strong></span> <span class='ocrx_word' id='word_1_18' title='bbox 856 288 1031 335; x_wconf 85' lang='lat' dir='ltr'><strong>Plures,</strong></span> <span class='ocrx_word' id='word_1_19' title='bbox 1062 275 1192 343; x_wconf 79' lang='lat' dir='ltr'><strong>quam</strong></span> <span class='ocrx_word' id='word_1_20' title='bbox 1222 294 1380 328; x_wconf 80' lang='lat' dir='ltr'><strong>centum</strong></span> <span class='ocrx_word' id='word_1_21' title='bbox 1413 289 1561 341; x_wconf 73' lang='lat' dir='ltr'><strong>vigina</strong></span> <span class='ocrx_word' id='word_1_22' title='bbox 1587 288 1749 331; x_wconf 85' lang='lat' dir='ltr'><strong>libellos</strong></span> <span class='ocrx_word' id='word_1_23' title='bbox 1773 292 1968 346; x_wconf 84' lang='lat' dir='ltr'><strong>praemia</strong></span> <span class='ocrx_word' id='word_1_24' title='bbox 1997 307 2211 347; x_wconf 79' lang='lat' dir='ltr'><strong>exposcen-</strong></span> 
     </span>
     <span class='ocr_line' id='line_1_4' title="bbox 255 344 2214 416; baseline 0.001 -17"><span class='ocrx_word' id='word_1_25' title='bbox 255 360 383 404; x_wconf 77' lang='lat' dir='ltr'><strong>tium,</strong></span> <span class='ocrx_word' id='word_1_26' title='bbox 412 356 468 398; x_wconf 77' lang='lat' dir='ltr'><strong>ob</strong></span> <span class='ocrx_word' id='word_1_27' title='bbox 497 356 691 412; x_wconf 74' lang='lat' dir='ltr'><strong>aliquam</strong></span> <span class='ocrx_word' id='word_1_28' title='bbox 721 355 944 398; x_wconf 78' lang='lat' dir='ltr'><em>notabilem</em></span> <span class='ocrx_word' id='word_1_29' title='bbox 973 344 1052 397; x_wconf 87' lang='lat' dir='ltr'><strong>illo</strong></span> <span class='ocrx_word' id='word_1_30' title='bbox 1082 354 1148 396; x_wconf 81' lang='lat' dir='ltr'><strong>die</strong></span> <span class='ocrx_word' id='word_1_31' title='bbox 1178 370 1368 411; x_wconf 84' lang='lat' dir='ltr'><strong>operam,</strong></span> <span class='ocrx_word' id='word_1_32' title='bbox 1404 355 1595 396; x_wconf 81' lang='lat' dir='ltr'><em>Vitellius</em></span> <span class='ocrx_word' id='word_1_33' title='bbox 1619 365 1763 411; x_wconf 81' lang='lat' dir='ltr'><strong>postea</strong></span> <span class='ocrx_word' id='word_1_34' title='bbox 1793 361 1962 407; x_wconf 66' lang='grc' dir='ltr'><strong>ιἠνεηίέ,</strong></span> <span class='ocrx_word' id='word_1_35' title='bbox 1994 375 2214 416; x_wconf 78' lang='lat' dir='ltr'><strong>omnesque</strong></span> 
     </span>
     <span class='ocr_line' id='line_1_5' title="bbox 211 415 2213 483; baseline 0 -15"><span class='ocrx_word' id='word_1_36' title='bbox 211 415 216 421; x_wconf 42' lang='lat'><strong>⁴</strong></span> <span class='ocrx_word' id='word_1_37' title='bbox 255 426 448 483; x_wconf 75' lang='lat' dir='ltr'><em>conquiri</em></span> <span class='ocrx_word' id='word_1_38' title='bbox 472 432 512 468; x_wconf 84' lang='lat' dir='ltr'><strong>et</strong></span> <span class='ocrx_word' id='word_1_39' title='bbox 539 422 717 481; x_wconf 66' lang='lat' dir='ltr'><strong>interfici</strong></span> <span class='ocrx_word' id='word_1_40' title='bbox 734 424 872 483; x_wconf 72' lang='lat' dir='ltr'><strong>lussit,</strong></span> <span class='ocrx_word' id='word_1_41' title='bbox 904 441 987 467; x_wconf 88' lang='lat' dir='ltr'><strong>non</strong></span> <span class='ocrx_word' id='word_1_42' title='bbox 1017 422 1172 466; x_wconf 79' lang='lat' dir='ltr'><strong>honore</strong></span> <span class='ocrx_word' id='word_1_43' title='bbox 1201 423 1373 472; x_wconf 82' lang='lat' dir='ltr'><em>Galbae,</em></span> <span class='ocrx_word' id='word_1_44' title='bbox 1403 421 1482 464; x_wconf 87' lang='lat' dir='ltr'><strong>sed</strong></span> <span class='ocrx_word' id='word_1_45' title='bbox 1503 422 1655 464; x_wconf 83' lang='lat' dir='ltr'><strong>tradito</strong></span> <span class='ocrx_word' id='word_1_46' title='bbox 1680 427 1936 483; x_wconf 83' lang='lat' dir='ltr'><strong>principibus</strong></span> <span class='ocrx_word' id='word_1_47' title='bbox 1963 443 2088 475; x_wconf 88' lang='lat' dir='ltr'><strong>more,</strong></span> <span class='ocrx_word' id='word_1_48' title='bbox 2120 443 2213 468; x_wconf 84' lang='lat' dir='ltr'><strong>mu-</strong></span> 
     </span>
     <span class='ocr_line' id='line_1_6' title="bbox 256 492 2210 550; baseline 0.001 -14"><span class='ocrx_word' id='word_1_49' title='bbox 256 496 484 536; x_wconf 73' lang='lat' dir='ltr'><strong>m&#39;naentum</strong></span> <span class='ocrx_word' id='word_1_50' title='bbox 520 492 584 534; x_wconf 83' lang='lat' dir='ltr'><strong>ad</strong></span> <span class='ocrx_word' id='word_1_51' title='bbox 609 508 825 550; x_wconf 83' lang='lat' dir='ltr'><strong>praesens,</strong></span> <span class='ocrx_word' id='word_1_52' title='bbox 865 495 910 534; x_wconf 88' lang='lat' dir='ltr'><strong>in</strong></span> <span class='ocrx_word' id='word_1_53' title='bbox 943 501 1156 549; x_wconf 84' lang='lat' dir='ltr'><strong>posterum</strong></span> <span class='ocrx_word' id='word_1_54' title='bbox 1198 493 1403 533; x_wconf 73' lang='lat' dir='ltr'><strong>ulta&#39;onem.</strong></span> <span class='ocrx_word' id='word_1_55' title='bbox 1471 493 1532 533; x_wconf 91' lang='lat' dir='ltr'><strong>De</strong></span> <span class='ocrx_word' id='word_1_56' title='bbox 1573 508 1690 535; x_wconf 81' lang='lat' dir='ltr'><strong>sensu</strong></span> <span class='ocrx_word' id='word_1_57' title='bbox 1732 497 1853 536; x_wconf 87' lang='lat' dir='ltr'><strong>Gron.</strong></span> <span class='ocrx_word' id='word_1_58' title='bbox 1897 496 1993 537; x_wconf 88' lang='lat' dir='ltr'><strong>Obs.</strong></span> <span class='ocrx_word' id='word_1_59' title='bbox 2036 497 2103 546; x_wconf 87' lang='lat' dir='ltr'><strong>IV,</strong></span> <span class='ocrx_word' id='word_1_60' title='bbox 2147 497 2210 539; x_wconf 89' lang='grc'><strong>17.</strong></span> 
     </span>
     <span class='ocr_line' id='line_1_7' title="bbox 256 554 2211 620; baseline 0.002 -15.913"><span class='ocrx_word' id='word_1_61' title='bbox 256 562 399 620; x_wconf 86' lang='lat' dir='ltr'><strong>optime</strong></span> <span class='ocrx_word' id='word_1_62' title='bbox 430 560 602 613; x_wconf 83' lang='lat' dir='ltr'><strong>disserit,</strong></span> <span class='ocrx_word' id='word_1_63' title='bbox 633 561 834 619; x_wconf 85' lang='lat' dir='ltr'><strong>idemque,</strong></span> <span class='ocrx_word' id='word_1_64' title='bbox 867 577 966 619; x_wconf 87' lang='lat' dir='ltr'><strong>quae</strong></span> <span class='ocrx_word' id='word_1_65' title='bbox 978 554 1076 604; x_wconf 91' lang='lat' dir='ltr'><strong>alii</strong></span> <span class='ocrx_word' id='word_1_66' title='bbox 1097 561 1144 603; x_wconf 90' lang='lat' dir='ltr'><strong>de</strong></span> <span class='ocrx_word' id='word_1_67' title='bbox 1175 560 1371 612; x_wconf 89' lang='lat' dir='ltr'><strong>sanando,</strong></span> <span class='ocrx_word' id='word_1_68' title='bbox 1403 571 1446 604; x_wconf 91' lang='lat' dir='ltr'><strong>ut</strong></span> <span class='ocrx_word' id='word_1_69' title='bbox 1476 560 1721 603; x_wconf 83' lang='lat' dir='ltr'><strong>videbatur</strong></span> <span class='ocrx_word' id='word_1_70' title='bbox 1710 562 1816 619; x_wconf 79' lang='lat' dir='ltr'><strong>ipsis,</strong></span> <span class='ocrx_word' id='word_1_71' title='bbox 1848 562 1920 607; x_wconf 83' lang='lat' dir='ltr'><strong>hoc</strong></span> <span class='ocrx_word' id='word_1_72' title='bbox 1951 563 2039 606; x_wconf 87' lang='lat' dir='ltr'><strong>loco</strong></span> <span class='ocrx_word' id='word_1_73' title='bbox 2068 573 2211 607; x_wconf 87' lang='lat' dir='ltr'><strong>statue-</strong></span> 
     </span>
     <span class='ocr_line' id='line_1_8' title="bbox 254 629 2211 688; baseline 0.001 -14"><span class='ocrx_word' id='word_1_74' title='bbox 254 640 363 681; x_wconf 85' lang='lat' dir='ltr'><strong>rant,</strong></span> <span class='ocrx_word' id='word_1_75' title='bbox 404 629 562 673; x_wconf 88' lang='lat' dir='ltr'><strong>collecta</strong></span> <span class='ocrx_word' id='word_1_76' title='bbox 586 630 769 687; x_wconf 87' lang='lat' dir='ltr'><strong>exponit.</strong></span> <span class='ocrx_word' id='word_1_77' title='bbox 831 630 911 673; x_wconf 90' lang='lat' dir='ltr'><strong>Sed</strong></span> <span class='ocrx_word' id='word_1_78' title='bbox 950 630 1120 688; x_wconf 87' lang='lat' dir='ltr'><strong>primum</strong></span> <span class='ocrx_word' id='word_1_79' title='bbox 1161 639 1241 672; x_wconf 86' lang='lat' dir='ltr'><strong>erat</strong></span> <span class='ocrx_word' id='word_1_80' title='bbox 1281 630 1650 680; x_wconf 89' lang='lat' dir='ltr'><strong>demonstrandum,</strong></span> <span class='ocrx_word' id='word_1_81' title='bbox 1690 635 1985 673; x_wconf 82' lang='lat' dir='ltr'><strong>munimentum</strong></span> <span class='ocrx_word' id='word_1_82' title='bbox 2018 644 2086 675; x_wconf 87' lang='lat' dir='ltr'><strong>etc.</strong></span> <span class='ocrx_word' id='word_1_83' title='bbox 2127 649 2211 675; x_wconf 83' lang='lat' dir='ltr'><strong>esse</strong></span> 
     </span>
     <span class='ocr_line' id='line_1_9' title="bbox 255 698 2210 759; baseline 0.002 -17"><span class='ocrx_word' id='word_1_84' title='bbox 255 699 537 757; x_wconf 86' lang='lat' dir='ltr'><strong>appositionem</strong></span> <span class='ocrx_word' id='word_1_85' title='bbox 568 699 604 741; x_wconf 90' lang='lat' dir='ltr'><strong>ei</strong></span> <span class='ocrx_word' id='word_1_86' title='bbox 634 699 702 749; x_wconf 90' lang='lat' dir='ltr'><strong>rei,</strong></span> <span class='ocrx_word' id='word_1_87' title='bbox 734 716 849 756; x_wconf 90' lang='lat' dir='ltr'><strong>quam</strong></span> <span class='ocrx_word' id='word_1_88' title='bbox 880 699 1045 757; x_wconf 86' lang='lat' dir='ltr'><strong>patravit</strong></span> <span class='ocrx_word' id='word_1_89' title='bbox 1075 698 1275 748; x_wconf 86' lang='lat' dir='ltr'><strong>Vitellius,</strong></span> <span class='ocrx_word' id='word_1_90' title='bbox 1306 714 1516 749; x_wconf 83' lang='lat' dir='ltr'><strong>annexam,</strong></span> <span class='ocrx_word' id='word_1_91' title='bbox 1548 698 1709 749; x_wconf 85' lang='lat' dir='ltr'><strong>deinde,</strong></span> <span class='ocrx_word' id='word_1_92' title='bbox 1743 699 1876 742; x_wconf 85' lang='lat' dir='ltr'><strong>eadem</strong></span> <span class='ocrx_word' id='word_1_93' title='bbox 1906 701 2022 744; x_wconf 87' lang='lat' dir='ltr'><strong>verba</strong></span> <span class='ocrx_word' id='word_1_94' title='bbox 2051 718 2123 759; x_wconf 89' lang='lat' dir='ltr'><strong>per</strong></span> <span class='ocrx_word' id='word_1_95' title='bbox 2153 712 2210 745; x_wconf 91' lang='lat' dir='ltr'><strong>at-</strong></span> 
     </span>
     <span class='ocr_line' id='line_1_10' title="bbox 254 761 2208 826; baseline 0.002 -17"><span class='ocrx_word' id='word_1_96' title='bbox 254 768 509 817; x_wconf 61' lang='lat' dir='ltr'><strong>tractionem,</strong></span> <span class='ocrx_word' id='word_1_97' title='bbox 543 783 624 809; x_wconf 87' lang='lat' dir='ltr'><strong>rem</strong></span> <span class='ocrx_word' id='word_1_98' title='bbox 656 768 706 810; x_wconf 91' lang='lat' dir='ltr'><strong>ad</strong></span> <span class='ocrx_word' id='word_1_99' title='bbox 745 767 980 810; x_wconf 83' lang='lat' dir='ltr'><strong>claudendas</strong></span> <span class='ocrx_word' id='word_1_100' title='bbox 1022 768 1385 824; x_wconf 89' lang='lat' dir='ltr'><strong>concinnandasque</strong></span> <span class='ocrx_word' id='word_1_101' title='bbox 1415 767 1599 825; x_wconf 84' lang='lat' dir='ltr'><strong>periodos</strong></span> <span class='ocrx_word' id='word_1_102' title='bbox 1642 761 1899 825; x_wconf 85' lang='lat' dir='ltr'><strong>aptissimam,</strong></span> <span class='ocrx_word' id='word_1_103' title='bbox 1939 771 2065 826; x_wconf 89' lang='lat' dir='ltr'><strong>quarti</strong></span> <span class='ocrx_word' id='word_1_104' title='bbox 2096 787 2208 813; x_wconf 87' lang='lat' dir='ltr'><strong>casus</strong></span> 
     </span>
     <span class='ocr_line' id='line_1_11' title="bbox 253 835 631 894; baseline -0.003 -16"><span class='ocrx_word' id='word_1_105' title='bbox 253 836 419 894; x_wconf 85' lang='lat' dir='ltr'><strong>speciem</strong></span> <span class='ocrx_word' id='word_1_106' title='bbox 449 835 631 878; x_wconf 87' lang='lat' dir='ltr'><strong>induisse.</strong></span> 
     </span>
    </p>

    <p class='ocr_par' dir='ltr' id='par_1_3' title="bbox 243 904 2207 2131">
     <span class='ocr_line' id='line_1_12' title="bbox 371 904 2207 965; baseline 0.001 -17"><span class='ocrx_word' id='word_1_107' title='bbox 371 904 592 963; x_wconf 88' lang='lat' dir='ltr'><strong>Supersunt</strong></span> <span class='ocrx_word' id='word_1_108' title='bbox 622 915 699 949; x_wconf 88' lang='lat' dir='ltr'><strong>tres</strong></span> <span class='ocrx_word' id='word_1_109' title='bbox 731 905 826 957; x_wconf 88' lang='lat' dir='ltr'><strong>loci,</strong></span> <span class='ocrx_word' id='word_1_110' title='bbox 868 920 968 964; x_wconf 88' lang='lat' dir='ltr'><strong>quos</strong></span> <span class='ocrx_word' id='word_1_111' title='bbox 998 920 1172 948; x_wconf 89' lang='lat' dir='ltr'><strong>seorsum</strong></span> <span class='ocrx_word' id='word_1_112' title='bbox 1203 904 1422 948; x_wconf 89' lang='lat' dir='ltr'><strong>inferendos</strong></span> <span class='ocrx_word' id='word_1_113' title='bbox 1457 919 1538 947; x_wconf 89' lang='lat' dir='ltr'><strong>esse</strong></span> <span class='ocrx_word' id='word_1_114' title='bbox 1570 905 1672 947; x_wconf 86' lang='lat' dir='ltr'><strong>duxi.</strong></span> <span class='ocrx_word' id='word_1_115' title='bbox 1737 905 1848 948; x_wconf 83' lang='lat' dir='ltr'><strong>Sicut</strong></span> <span class='ocrx_word' id='word_1_116' title='bbox 1885 906 1987 948; x_wconf 87' lang='lat' dir='ltr'><strong>enim</strong></span> <span class='ocrx_word' id='word_1_117' title='bbox 2018 908 2207 965; x_wconf 87' lang='lat' dir='ltr'><strong>appositio</strong></span> 
     </span>
     <span class='ocr_line' id='line_1_13' title="bbox 253 971 2207 1032; baseline 0.001 -17"><span class='ocrx_word' id='word_1_118' title='bbox 253 971 420 1031; x_wconf 78' lang='lat' dir='ltr'><strong>elliptica</strong></span> <span class='ocrx_word' id='word_1_119' title='bbox 450 989 529 1016; x_wconf 90' lang='lat' dir='ltr'><strong>non</strong></span> <span class='ocrx_word' id='word_1_120' title='bbox 561 983 710 1016; x_wconf 88' lang='lat' dir='ltr'><strong>tantum</strong></span> <span class='ocrx_word' id='word_1_121' title='bbox 742 974 787 1016; x_wconf 83' lang='lat' dir='ltr'><strong>fit</strong></span> <span class='ocrx_word' id='word_1_122' title='bbox 814 976 887 1032; x_wconf 66' lang='lat' dir='ltr'><strong>&#39;per</strong></span> <span class='ocrx_word' id='word_1_123' title='bbox 928 974 1137 1030; x_wconf 84' lang='lat' dir='ltr'><strong>genitivum</strong></span> <span class='ocrx_word' id='word_1_124' title='bbox 1167 974 1225 1015; x_wconf 88' lang='lat' dir='ltr'><strong>vel</strong></span> <span class='ocrx_word' id='word_1_125' title='bbox 1256 971 1482 1022; x_wconf 84' lang='lat' dir='ltr'><strong>ablativum,</strong></span> <span class='ocrx_word' id='word_1_126' title='bbox 1526 975 1595 1014; x_wconf 90' lang='lat' dir='ltr'><strong>sed</strong></span> <span class='ocrx_word' id='word_1_127' title='bbox 1626 975 1822 1016; x_wconf 87' lang='lat' dir='ltr'><strong>interdum</strong></span> <span class='ocrx_word' id='word_1_128' title='bbox 1853 991 1925 1031; x_wconf 89' lang='lat' dir='ltr'><strong>per</strong></span> <span class='ocrx_word' id='word_1_129' title='bbox 1955 977 2207 1031; x_wconf 88' lang='lat' dir='ltr'><strong>praepositio-</strong></span> 
     </span>
     <span class='ocr_line' id='line_1_14' title="bbox 251 1039 2204 1099; baseline 0.001 -16"><span class='ocrx_word' id='word_1_130' title='bbox 251 1057 321 1083; x_wconf 86' lang='lat' dir='ltr'><strong>nes</strong></span> <span class='ocrx_word' id='word_1_131' title='bbox 351 1057 405 1083; x_wconf 72' lang='lat' dir='ltr'><strong>ex</strong></span> <span class='ocrx_word' id='word_1_132' title='bbox 434 1052 500 1083; x_wconf 89' lang='lat' dir='ltr'><strong>aut</strong></span> <span class='ocrx_word' id='word_1_133' title='bbox 529 1045 600 1084; x_wconf 87' lang='lat' dir='ltr'><strong>in:</strong></span> <span class='ocrx_word' id='word_1_134' title='bbox 642 1043 695 1084; x_wconf 87' lang='lat' dir='ltr'><strong>ita</strong></span> <span class='ocrx_word' id='word_1_135' title='bbox 725 1042 810 1084; x_wconf 88' lang='lat' dir='ltr'><strong>fieri</strong></span> <span class='ocrx_word' id='word_1_136' title='bbox 848 1053 996 1099; x_wconf 85' lang='lat' dir='ltr'><strong>potest,</strong></span> <span class='ocrx_word' id='word_1_137' title='bbox 1040 1053 1083 1083; x_wconf 92' lang='lat' dir='ltr'><strong>ut</strong></span> <span class='ocrx_word' id='word_1_138' title='bbox 1113 1043 1208 1085; x_wconf 89' lang='lat' dir='ltr'><strong>haec</strong></span> <span class='ocrx_word' id='word_1_139' title='bbox 1248 1042 1438 1098; x_wconf 85' lang='lat' dir='ltr'><strong>appositio</strong></span> <span class='ocrx_word' id='word_1_140' title='bbox 1480 1057 1552 1097; x_wconf 92' lang='lat' dir='ltr'><strong>per</strong></span> <span class='ocrx_word' id='word_1_141' title='bbox 1589 1041 1916 1099; x_wconf 86' lang='lat' dir='ltr'><strong>praepositionem</strong></span> <span class='ocrx_word' id='word_1_142' title='bbox 1956 1039 2204 1099; x_wconf 81' lang='lat' dir='ltr'><strong>adjungatur.</strong></span> 
     </span>
     <span class='ocr_line' id='line_1_15' title="bbox 252 1100 2207 1170; baseline 0.001 -18"><span class='ocrx_word' id='word_1_143' title='bbox 252 1111 430 1153; x_wconf 86' lang='lat' dir='ltr'><strong>Ceterum</strong></span> <span class='ocrx_word' id='word_1_144' title='bbox 462 1111 546 1167; x_wconf 90' lang='lat' dir='ltr'><strong>ejus</strong></span> <span class='ocrx_word' id='word_1_145' title='bbox 577 1112 633 1153; x_wconf 89' lang='lat' dir='ltr'><strong>rei</strong></span> <span class='ocrx_word' id='word_1_146' title='bbox 665 1128 787 1153; x_wconf 89' lang='lat' dir='ltr'><strong>unum</strong></span> <span class='ocrx_word' id='word_1_147' title='bbox 818 1100 1033 1169; x_wconf 80' lang='lat' dir='ltr'><strong>exemplum</strong></span> <span class='ocrx_word' id='word_1_148' title='bbox 1066 1111 1191 1169; x_wconf 84' lang='lat' dir='ltr'><strong>reperi</strong></span> <span class='ocrx_word' id='word_1_149' title='bbox 1220 1111 1315 1153; x_wconf 81' lang='lat' dir='ltr'><strong>Hist</strong></span> <span class='ocrx_word' id='word_1_150' title='bbox 1346 1110 1397 1160; x_wconf 88' lang='lat' dir='ltr'><strong>II,</strong></span> <span class='ocrx_word' id='word_1_151' title='bbox 1426 1109 1502 1152; x_wconf 84' lang='lat'><strong>86:</strong></span> <span class='ocrx_word' id='word_1_152' title='bbox 1533 1112 1569 1152; x_wconf 85' lang='lat' dir='ltr'><strong>is</strong></span> <span class='ocrx_word' id='word_1_153' title='bbox 1595 1111 1755 1166; x_wconf 79' lang='lat' dir='ltr'><strong>legibus</strong></span> <span class='ocrx_word' id='word_1_154' title='bbox 1785 1127 1931 1154; x_wconf 82' lang='lat' dir='ltr'><strong>nocens</strong></span> <span class='ocrx_word' id='word_1_155' title='bbox 1960 1119 2001 1155; x_wconf 82' lang='lat' dir='ltr'><strong>et</strong></span> <span class='ocrx_word' id='word_1_156' title='bbox 2027 1120 2207 1170; x_wconf 82' lang='lat' dir='ltr'><strong>tempore</strong></span> 
     </span>
     <span class='ocr_line' id='line_1_16' title="bbox 253 1179 2203 1237; baseline 0 -15"><span class='ocrx_word' id='word_1_157' title='bbox 253 1180 433 1230; x_wconf 63' lang='lat' dir='ltr'><strong>Neronis</strong></span> <span class='ocrx_word' id='word_1_158' title='bbox 450 1180 571 1236; x_wconf 85' lang='lat' dir='ltr'><strong>falsi</strong></span> <span class='ocrx_word' id='word_1_159' title='bbox 596 1179 831 1229; x_wconf 84' lang='lat' dir='ltr'><strong>damnatus,</strong></span> <span class='ocrx_word' id='word_1_160' title='bbox 863 1182 967 1222; x_wconf 82' lang='lat' dir='ltr'><strong>inter</strong></span> <span class='ocrx_word' id='word_1_161' title='bbox 995 1181 1085 1222; x_wconf 91' lang='lat' dir='ltr'><strong>alia</strong></span> <span class='ocrx_word' id='word_1_162' title='bbox 1115 1180 1218 1221; x_wconf 91' lang='lat' dir='ltr'><strong>belli</strong></span> <span class='ocrx_word' id='word_1_163' title='bbox 1243 1179 1372 1227; x_wconf 87' lang='lat' dir='ltr'><strong>mala,</strong></span> <span class='ocrx_word' id='word_1_164' title='bbox 1403 1181 1656 1219; x_wconf 86' lang='lat' dir='ltr'><strong>senatorium</strong></span> <span class='ocrx_word' id='word_1_165' title='bbox 1686 1179 1871 1220; x_wconf 84' lang='lat' dir='ltr'><strong>ordinem</strong></span> <span class='ocrx_word' id='word_1_166' title='bbox 1902 1183 2203 1237; x_wconf 70' lang='lat' dir='ltr'><strong>reciperaoerat,</strong></span> 
     </span>
     <span class='ocr_line' id='line_1_17' title="bbox 249 1246 2205 1305; baseline 0.002 -17"><span class='ocrx_word' id='word_1_167' title='bbox 249 1248 273 1289; x_wconf 84' lang='lat' dir='ltr'><strong>i.</strong></span> <span class='ocrx_word' id='word_1_168' title='bbox 307 1262 357 1288; x_wconf 77' lang='lat' dir='ltr'><strong>e.:</strong></span> <span class='ocrx_word' id='word_1_169' title='bbox 389 1248 422 1288; x_wconf 90' lang='lat' dir='ltr'><strong>is</strong></span> <span class='ocrx_word' id='word_1_170' title='bbox 455 1273 509 1280; x_wconf 91' lang='lat'><strong>—-</strong></span> <span class='ocrx_word' id='word_1_171' title='bbox 542 1258 661 1289; x_wconf 82' lang='lat' dir='ltr'><strong>senat.</strong></span> <span class='ocrx_word' id='word_1_172' title='bbox 694 1249 776 1289; x_wconf 91' lang='lat' dir='ltr'><strong>ord.</strong></span> <span class='ocrx_word' id='word_1_173' title='bbox 809 1250 1109 1305; x_wconf 84' lang='lat' dir='ltr'><strong>reciperaverat,</strong></span> <span class='ocrx_word' id='word_1_174' title='bbox 1140 1259 1254 1304; x_wconf 88' lang='lat' dir='ltr'><strong>atque</strong></span> <span class='ocrx_word' id='word_1_175' title='bbox 1283 1247 1347 1296; x_wconf 90' lang='lat' dir='ltr'><strong>id,</strong></span> <span class='ocrx_word' id='word_1_176' title='bbox 1378 1246 1431 1288; x_wconf 79' lang='grc' dir='ltr'><strong>τό</strong></span> <span class='ocrx_word' id='word_1_177' title='bbox 1463 1263 1557 1286; x_wconf 87' lang='lat' dir='ltr'><strong>eum</strong></span> <span class='ocrx_word' id='word_1_178' title='bbox 1589 1249 1828 1302; x_wconf 85' lang='lat' dir='ltr'><strong>reciperasse</strong></span> <span class='ocrx_word' id='word_1_179' title='bbox 1856 1259 1980 1290; x_wconf 82' lang='lat' dir='ltr'><strong>senat.</strong></span> <span class='ocrx_word' id='word_1_180' title='bbox 2013 1250 2098 1291; x_wconf 89' lang='lat' dir='ltr'><strong>ord.</strong></span> <span class='ocrx_word' id='word_1_181' title='bbox 2131 1250 2205 1291; x_wconf 86' lang='lat' dir='ltr'><strong>suit</strong></span> 
     </span>
     <span class='ocr_line' id='line_1_18' title="bbox 249 1313 2204 1374; baseline 0.002 -17"><span class='ocrx_word' id='word_1_182' title='bbox 249 1317 351 1364; x_wconf 71' lang='lat' dir='ltr'><strong>inter</strong></span> <span class='ocrx_word' id='word_1_183' title='bbox 379 1316 453 1359; x_wconf 90' lang='lat' dir='ltr'><strong>alia</strong></span> <span class='ocrx_word' id='word_1_184' title='bbox 483 1316 640 1374; x_wconf 88' lang='lat' dir='ltr'><strong>publica</strong></span> <span class='ocrx_word' id='word_1_185' title='bbox 677 1316 771 1359; x_wconf 88' lang='lat' dir='ltr'><strong>belli</strong></span> <span class='ocrx_word' id='word_1_186' title='bbox 800 1316 909 1358; x_wconf 87' lang='lat' dir='ltr'><strong>mala.</strong></span> <span class='ocrx_word' id='word_1_187' title='bbox 970 1317 1195 1374; x_wconf 84' lang='lat' dir='ltr'><strong>Pariterque</strong></span> <span class='ocrx_word' id='word_1_188' title='bbox 1234 1331 1355 1357; x_wconf 92' lang='lat' dir='ltr'><strong>unum</strong></span> <span class='ocrx_word' id='word_1_189' title='bbox 1396 1313 1525 1356; x_wconf 87' lang='lat' dir='ltr'><strong>locum</strong></span> <span class='ocrx_word' id='word_1_190' title='bbox 1566 1313 1827 1371; x_wconf 88' lang='lat' dir='ltr'><strong>deprehendi,</strong></span> <span class='ocrx_word' id='word_1_191' title='bbox 1868 1332 1947 1374; x_wconf 92' lang='lat' dir='ltr'><strong>quo</strong></span> <span class='ocrx_word' id='word_1_192' title='bbox 1978 1317 2066 1359; x_wconf 69' lang='lat' dir='ltr'><strong>Tac„</strong></span> <span class='ocrx_word' id='word_1_193' title='bbox 2106 1316 2204 1360; x_wconf 77' lang='lat' dir='ltr'><strong>hanc</strong></span> 
     </span>
     <span class='ocr_line' id='line_1_19' title="bbox 248 1383 2202 1443; baseline 0.001 -17"><span class='ocrx_word' id='word_1_194' title='bbox 248 1384 528 1441; x_wconf 83' lang='lat' dir='ltr'><strong>appositionem</strong></span> <span class='ocrx_word' id='word_1_195' title='bbox 560 1401 606 1431; x_wconf 89' lang='lat' dir='ltr'><strong>eo</strong></span> <span class='ocrx_word' id='word_1_196' title='bbox 631 1385 759 1427; x_wconf 83' lang='lat' dir='ltr'><strong>dativi</strong></span> <span class='ocrx_word' id='word_1_197' title='bbox 797 1401 956 1441; x_wconf 79' lang='lat' dir='ltr'><strong>genere,</strong></span> <span class='ocrx_word' id='word_1_198' title='bbox 996 1386 1103 1443; x_wconf 91' lang='lat' dir='ltr'><strong>quod</strong></span> <span class='ocrx_word' id='word_1_199' title='bbox 1141 1400 1212 1442; x_wconf 89' lang='lat' dir='ltr'><strong>per</strong></span> <span class='ocrx_word' id='word_1_200' title='bbox 1253 1383 1403 1441; x_wconf 87' lang='lat' dir='ltr'><strong>ellipsin</strong></span> <span class='ocrx_word' id='word_1_201' title='bbox 1444 1383 1739 1440; x_wconf 86' lang='lat' dir='ltr'><strong>praepositionis</strong></span> <span class='ocrx_word' id='word_1_202' title='bbox 1771 1383 1833 1435; x_wconf 88' lang='lat' dir='ltr'><strong>fit,</strong></span> <span class='ocrx_word' id='word_1_203' title='bbox 1873 1385 2062 1437; x_wconf 87' lang='lat' dir='ltr'><strong>reddidit,</strong></span> <span class='ocrx_word' id='word_1_204' title='bbox 2100 1387 2202 1429; x_wconf 89' lang='lat' dir='ltr'><strong>Ann.</strong></span> 
     </span>
     <span class='ocr_line' id='line_1_20' title="bbox 247 1451 2202 1510; baseline 0 -14"><span class='ocrx_word' id='word_1_205' title='bbox 247 1455 335 1504; x_wconf 87' lang='lat' dir='ltr'><strong>XV,</strong></span> <span class='ocrx_word' id='word_1_206' title='bbox 366 1454 445 1495; x_wconf 84' lang='lat'><strong>27:</strong></span> <span class='ocrx_word' id='word_1_207' title='bbox 494 1454 629 1494; x_wconf 82' lang='lat' dir='ltr'><strong>multa</strong></span> <span class='ocrx_word' id='word_1_208' title='bbox 657 1456 862 1495; x_wconf 88' lang='lat' dir='ltr'><strong>Romanis</strong></span> <span class='ocrx_word' id='word_1_209' title='bbox 891 1454 1085 1502; x_wconf 84' lang='lat' dir='ltr'><strong>secunda,</strong></span> <span class='ocrx_word' id='word_1_210' title='bbox 1125 1452 1333 1510; x_wconf 77' lang='lat' dir='ltr'><strong>quaedam</strong></span> <span class='ocrx_word' id='word_1_211' title='bbox 1363 1451 1536 1494; x_wconf 79' lang='lat' dir='ltr'><strong>Parthis</strong></span> <span class='ocrx_word' id='word_1_212' title='bbox 1566 1455 1757 1501; x_wconf 74' lang='lat' dir='ltr'><strong>evenisse,</strong></span> <span class='ocrx_word' id='word_1_213' title='bbox 1789 1453 2030 1495; x_wconf 83' lang='lat' dir='ltr'><strong>documento</strong></span> <span class='ocrx_word' id='word_1_214' title='bbox 2060 1455 2202 1496; x_wconf 73' lang='lat' dir='ltr'><strong>adver-</strong></span> 
     </span>
     <span class='ocr_line' id='line_1_21' title="bbox 244 1520 2200 1581; baseline 0.002 -19"><span class='ocrx_word' id='word_1_215' title='bbox 244 1539 318 1564; x_wconf 82' lang='lat' dir='ltr'><strong>sus</strong></span> <span class='ocrx_word' id='word_1_216' title='bbox 347 1523 593 1578; x_wconf 81' lang='lat' dir='ltr'><strong>superbiam.</strong></span> <span class='ocrx_word' id='word_1_217' title='bbox 655 1523 834 1580; x_wconf 89' lang='lat' dir='ltr'><strong>Denique</strong></span> <span class='ocrx_word' id='word_1_218' title='bbox 870 1534 1108 1581; x_wconf 72' lang='lat' dir='ltr'><strong>postremuS,</strong></span> <span class='ocrx_word' id='word_1_219' title='bbox 1147 1538 1264 1579; x_wconf 88' lang='lat' dir='ltr'><strong>quem</strong></span> <span class='ocrx_word' id='word_1_220' title='bbox 1294 1536 1571 1571; x_wconf 87' lang='lat' dir='ltr'><strong>commemoro,</strong></span> <span class='ocrx_word' id='word_1_221' title='bbox 1611 1520 1718 1563; x_wconf 91' lang='lat' dir='ltr'><strong>locus</strong></span> <span class='ocrx_word' id='word_1_222' title='bbox 1758 1522 1886 1565; x_wconf 89' lang='lat' dir='ltr'><strong>omnia</strong></span> <span class='ocrx_word' id='word_1_223' title='bbox 1917 1523 2042 1566; x_wconf 89' lang='lat' dir='ltr'><strong>bonae</strong></span> <span class='ocrx_word' id='word_1_224' title='bbox 2074 1522 2200 1566; x_wconf 89' lang='lat' dir='ltr'><strong>latini-</strong></span> 
     </span>
     <span class='ocr_line' id='line_1_22' title="bbox 247 1589 2198 1650; baseline 0.001 -18"><span class='ocrx_word' id='word_1_225' title='bbox 247 1591 335 1633; x_wconf 85' lang='lat' dir='ltr'><strong>tatis</strong></span> <span class='ocrx_word' id='word_1_226' title='bbox 366 1591 619 1633; x_wconf 82' lang='lat' dir='ltr'><strong>fundamenta</strong></span> <span class='ocrx_word' id='word_1_227' title='bbox 649 1592 872 1633; x_wconf 81' lang='lat' dir='ltr'><strong>subvertere</strong></span> <span class='ocrx_word' id='word_1_228' title='bbox 910 1602 1025 1649; x_wconf 86' lang='lat' dir='ltr'><strong>atque</strong></span> <span class='ocrx_word' id='word_1_229' title='bbox 1056 1606 1190 1632; x_wconf 88' lang='lat' dir='ltr'><strong>eruere</strong></span> <span class='ocrx_word' id='word_1_230' title='bbox 1227 1590 1397 1633; x_wconf 85' lang='lat' dir='ltr'><strong>videtur:</strong></span> <span class='ocrx_word' id='word_1_231' title='bbox 1439 1589 1525 1646; x_wconf 89' lang='lat' dir='ltr'><strong>quis</strong></span> <span class='ocrx_word' id='word_1_232' title='bbox 1566 1590 1667 1631; x_wconf 89' lang='lat' dir='ltr'><strong>enim</strong></span> <span class='ocrx_word' id='word_1_233' title='bbox 1700 1590 1894 1633; x_wconf 87' lang='lat' dir='ltr'><strong>Ciceronis</strong></span> <span class='ocrx_word' id='word_1_234' title='bbox 1934 1591 2053 1634; x_wconf 91' lang='lat' dir='ltr'><strong>cliens</strong></span> <span class='ocrx_word' id='word_1_235' title='bbox 2084 1602 2198 1650; x_wconf 85' lang='lat' dir='ltr'><strong>atque</strong></span> 
     </span>
     <span class='ocr_line' id='line_1_23' title="bbox 246 1657 2197 1720; baseline 0 -18"><span class='ocrx_word' id='word_1_236' title='bbox 246 1659 458 1705; x_wconf 84' lang='lat' dir='ltr'><strong>admirator</strong></span> <span class='ocrx_word' id='word_1_237' title='bbox 494 1659 613 1711; x_wconf 86' lang='lat' dir='ltr'><strong>ferat,</strong></span> <span class='ocrx_word' id='word_1_238' title='bbox 652 1660 760 1720; x_wconf 82' lang='lat' dir='ltr'><strong>quod</strong></span> <span class='ocrx_word' id='word_1_239' title='bbox 789 1661 946 1703; x_wconf 90' lang='lat' dir='ltr'><strong>Tacitus</strong></span> <span class='ocrx_word' id='word_1_240' title='bbox 977 1660 1072 1703; x_wconf 89' lang='lat' dir='ltr'><strong>Hist.</strong></span> <span class='ocrx_word' id='word_1_241' title='bbox 1107 1661 1175 1710; x_wconf 87' lang='lat' dir='ltr'><strong>IV,</strong></span> <span class='ocrx_word' id='word_1_242' title='bbox 1207 1661 1275 1701; x_wconf 87' lang='grc'><strong>57.</strong></span> <span class='ocrx_word' id='word_1_243' title='bbox 1317 1658 1467 1701; x_wconf 88' lang='lat' dir='ltr'><strong>scribit:</strong></span> <span class='ocrx_word' id='word_1_244' title='bbox 1507 1657 1610 1699; x_wconf 89' lang='lat' dir='ltr'><strong>illuc</strong></span> <span class='ocrx_word' id='word_1_245' title='bbox 1648 1662 1964 1701; x_wconf 83' lang='lat' dir='ltr'><strong>commeantium</strong></span> <span class='ocrx_word' id='word_1_246' title='bbox 2001 1664 2197 1702; x_wconf 80' lang='lat' dir='ltr'><strong>centurio-</strong></span> 
     </span>
     <span class='ocr_line' id='line_1_24' title="bbox 244 1728 2198 1785; baseline 0.002 -17"><span class='ocrx_word' id='word_1_247' title='bbox 244 1744 346 1769; x_wconf 88' lang='lat' dir='ltr'><strong>num</strong></span> <span class='ocrx_word' id='word_1_248' title='bbox 375 1729 638 1785; x_wconf 80' lang='lat' dir='ltr'><strong>militumque</strong></span> <span class='ocrx_word' id='word_1_249' title='bbox 666 1730 902 1771; x_wconf 82' lang='lat' dir='ltr'><strong>emebantur</strong></span> <span class='ocrx_word' id='word_1_250' title='bbox 931 1731 1085 1771; x_wconf 82' lang='lat' dir='ltr'><strong>animi:</strong></span> <span class='ocrx_word' id='word_1_251' title='bbox 1128 1737 1185 1777; x_wconf 81' lang='lat' dir='ltr'><strong>ut,</strong></span> <span class='ocrx_word' id='word_1_252' title='bbox 1203 1730 1425 1784; x_wconf 78' lang='lat' dir='ltr'><strong>flagitium</strong></span> <span class='ocrx_word' id='word_1_253' title='bbox 1454 1728 1721 1781; x_wconf 77' lang='lat' dir='ltr'><strong>incognitum,</strong></span> <span class='ocrx_word' id='word_1_254' title='bbox 1751 1730 1970 1771; x_wconf 90' lang='lat' dir='ltr'><strong>Romanus</strong></span> <span class='ocrx_word' id='word_1_255' title='bbox 2001 1732 2198 1772; x_wconf 77' lang='lat' dir='ltr'><strong>exercilus</strong></span> 
     </span>
     <span class='ocr_line' id='line_1_25' title="bbox 244 1788 2196 1855; baseline -0.001 -16"><span class='ocrx_word' id='word_1_256' title='bbox 244 1797 290 1840; x_wconf 86' lang='lat' dir='ltr'><strong>in</strong></span> <span class='ocrx_word' id='word_1_257' title='bbox 319 1788 487 1845; x_wconf 81' lang='lat' dir='ltr'><strong>externa</strong></span> <span class='ocrx_word' id='word_1_258' title='bbox 520 1798 639 1839; x_wconf 76' lang='lat' dir='ltr'><strong>verba</strong></span> <span class='ocrx_word' id='word_1_259' title='bbox 662 1797 832 1855; x_wconf 79' lang='lat' dir='ltr'><strong>juraret.</strong></span> <span class='ocrx_word' id='word_1_260' title='bbox 896 1796 1018 1854; x_wconf 89' lang='lat' dir='ltr'><strong>Cujus</strong></span> <span class='ocrx_word' id='word_1_261' title='bbox 1048 1797 1104 1839; x_wconf 88' lang='lat' dir='ltr'><strong>rei</strong></span> <span class='ocrx_word' id='word_1_262' title='bbox 1145 1795 1391 1854; x_wconf 85' lang='lat' dir='ltr'><strong>explicandae</strong></span> <span class='ocrx_word' id='word_1_263' title='bbox 1422 1811 1559 1837; x_wconf 87' lang='lat' dir='ltr'><strong>caussa</strong></span> <span class='ocrx_word' id='word_1_264' title='bbox 1590 1795 1779 1847; x_wconf 88' lang='lat' dir='ltr'><strong>eundem,</strong></span> <span class='ocrx_word' id='word_1_265' title='bbox 1820 1812 1934 1854; x_wconf 86' lang='lat' dir='ltr'><strong>quem</strong></span> <span class='ocrx_word' id='word_1_266' title='bbox 1967 1813 2083 1855; x_wconf 90' lang='lat' dir='ltr'><strong>supra</strong></span> <span class='ocrx_word' id='word_1_267' title='bbox 2114 1797 2196 1839; x_wconf 87' lang='lat' dir='ltr'><strong>lau-</strong></span> 
     </span>
     <span class='ocr_line' id='line_1_26' title="bbox 244 1863 2196 1924; baseline -0.001 -16"><span class='ocrx_word' id='word_1_268' title='bbox 244 1864 344 1916; x_wconf 85' lang='lat' dir='ltr'><strong>davi,</strong></span> <span class='ocrx_word' id='word_1_269' title='bbox 376 1864 671 1917; x_wconf 21' lang='lat' dir='ltr'><strong>Bernhardiumf</strong></span> <span class='ocrx_word' id='word_1_270' title='bbox 694 1866 901 1917; x_wconf 90' lang='lat' dir='ltr'><strong>inducam,</strong></span> <span class='ocrx_word' id='word_1_271' title='bbox 929 1882 965 1924; x_wconf 91' lang='lat' dir='ltr'><strong>p.</strong></span> <span class='ocrx_word' id='word_1_272' title='bbox 998 1868 1108 1908; x_wconf 80' lang='lat'><strong>223:</strong></span> <span class='ocrx_word' id='word_1_273' title='bbox 1141 1866 1185 1924; x_wconf 82' lang='lat' dir='ltr'><strong>je</strong></span> <span class='ocrx_word' id='word_1_274' title='bbox 1217 1864 1370 1907; x_wconf 78' lang='lat' dir='ltr'><strong>reicher</strong></span> <span class='ocrx_word' id='word_1_275' title='bbox 1406 1867 1492 1906; x_wconf 87' lang='lat' dir='ltr'><strong>eine</strong></span> <span class='ocrx_word' id='word_1_276' title='bbox 1521 1863 1702 1920; x_wconf 80' lang='lat' dir='ltr'><strong>Sprache</strong></span> <span class='ocrx_word' id='word_1_277' title='bbox 1731 1882 1786 1906; x_wconf 88' lang='lat' dir='ltr'><strong>an</strong></span> <span class='ocrx_word' id='word_1_278' title='bbox 1815 1867 2196 1922; x_wconf 70' lang='lat' dir='ltr'><strong>Darstellungssor-</strong></span> 
     </span>
     <span class='ocr_line' id='line_1_27' title="bbox 243 1933 2196 1993; baseline -0.001 -17"><span class='ocrx_word' id='word_1_279' title='bbox 243 1950 338 1976; x_wconf 85' lang='lat' dir='ltr'><strong>men</strong></span> <span class='ocrx_word' id='word_1_280' title='bbox 366 1936 440 1983; x_wconf 81' lang='lat' dir='ltr'><strong>ist,</strong></span> <span class='ocrx_word' id='word_1_281' title='bbox 474 1935 521 1991; x_wconf 83' lang='lat' dir='ltr'><strong>je</strong></span> <span class='ocrx_word' id='word_1_282' title='bbox 556 1938 744 1990; x_wconf 69' lang='lat' dir='ltr'><strong>grossere</strong></span> <span class='ocrx_word' id='word_1_283' title='bbox 773 1935 954 1977; x_wconf 83' lang='lat' dir='ltr'><strong>Freiheit</strong></span> <span class='ocrx_word' id='word_1_284' title='bbox 989 1935 1064 1977; x_wconf 80' lang='lat' dir='ltr'><strong>hat</strong></span> <span class='ocrx_word' id='word_1_285' title='bbox 1099 1937 1156 1976; x_wconf 87' lang='lat' dir='ltr'><strong>sie</strong></span> <span class='ocrx_word' id='word_1_286' title='bbox 1194 1938 1238 1976; x_wconf 89' lang='lat' dir='ltr'><strong>in</strong></span> <span class='ocrx_word' id='word_1_287' title='bbox 1277 1934 1350 1975; x_wconf 83' lang='lat' dir='ltr'><strong>der</strong></span> <span class='ocrx_word' id='word_1_288' title='bbox 1378 1933 1654 1988; x_wconf 79' lang='lat' dir='ltr'><strong>Darstellung</strong></span> <span class='ocrx_word' id='word_1_289' title='bbox 1690 1933 1803 1975; x_wconf 78' lang='lat' dir='ltr'><strong>ihrer</strong></span> <span class='ocrx_word' id='word_1_290' title='bbox 1838 1937 1992 1983; x_wconf 77' lang='lat' dir='ltr'><strong>Worte,</strong></span> <span class='ocrx_word' id='word_1_291' title='bbox 2024 1935 2071 1993; x_wconf 76' lang='lat' dir='ltr'><strong>je</strong></span> <span class='ocrx_word' id='word_1_292' title='bbox 2101 1934 2196 1975; x_wconf 76' lang='lat' dir='ltr'><strong>eber</strong></span> 
     </span>
     <span class='ocr_line' id='line_1_28' title="bbox 245 2001 2196 2060; baseline 0.001 -16"><span class='ocrx_word' id='word_1_293' title='bbox 245 2001 336 2056; x_wconf 84' lang='lat' dir='ltr'><strong>und</strong></span> <span class='ocrx_word' id='word_1_294' title='bbox 365 2002 542 2045; x_wconf 81' lang='lat' dir='ltr'><strong>sicherer</strong></span> <span class='ocrx_word' id='word_1_295' title='bbox 578 2002 694 2046; x_wconf 75' lang='lat' dir='ltr'><strong>kann</strong></span> <span class='ocrx_word' id='word_1_296' title='bbox 731 2006 789 2046; x_wconf 80' lang='lat' dir='ltr'><strong>sie</strong></span> <span class='ocrx_word' id='word_1_297' title='bbox 827 2003 892 2046; x_wconf 86' lang='lat' dir='ltr'><strong>die</strong></span> <span class='ocrx_word' id='word_1_298' title='bbox 933 2003 1228 2046; x_wconf 77' lang='lat' dir='ltr'><strong>Construktion</strong></span> <span class='ocrx_word' id='word_1_299' title='bbox 1265 2005 1475 2044; x_wconf 79' lang='lat' dir='ltr'><strong>zerstb&#39;ren.</strong></span> <span class='ocrx_word' id='word_1_300' title='bbox 1537 2001 1644 2044; x_wconf 89' lang='lat' dir='ltr'><strong>Idem</strong></span> <span class='ocrx_word' id='word_1_301' title='bbox 1674 2018 1711 2059; x_wconf 89' lang='lat' dir='ltr'><strong>p.</strong></span> <span class='ocrx_word' id='word_1_302' title='bbox 1744 2002 1850 2044; x_wconf 82' lang='lat'>304:</span> <span class='ocrx_word' id='word_1_303' title='bbox 1881 2003 1926 2060; x_wconf 78' lang='lat' dir='ltr'><strong>je</strong></span> <span class='ocrx_word' id='word_1_304' title='bbox 1962 2002 2091 2044; x_wconf 76' lang='lat' dir='ltr'><strong>ho‘her</strong></span> <span class='ocrx_word' id='word_1_305' title='bbox 2129 2002 2196 2045; x_wconf 76' lang='lat' dir='ltr'><strong>die</strong></span> 
     </span>
     <span class='ocr_line' id='line_1_29' title="bbox 249 2070 1753 2131; baseline -0.002 -16"><span class='ocrx_word' id='word_1_306' title='bbox 249 2071 548 2128; x_wconf 66' lang='lat' dir='ltr'><strong>Wksenschafl</strong></span> <span class='ocrx_word' id='word_1_307' title='bbox 576 2073 668 2115; x_wconf 84' lang='lat' dir='ltr'><strong>und</strong></span> <span class='ocrx_word' id='word_1_308' title='bbox 684 2073 730 2130; x_wconf 82' lang='lat' dir='ltr'><strong>je</strong></span> <span class='ocrx_word' id='word_1_309' title='bbox 762 2073 1016 2123; x_wconf 77' lang='lat' dir='ltr'><strong>vollendeter,</strong></span> <span class='ocrx_word' id='word_1_310' title='bbox 1041 2074 1087 2131; x_wconf 80' lang='lat' dir='ltr'><strong>je</strong></span> <span class='ocrx_word' id='word_1_311' title='bbox 1118 2071 1449 2117; x_wconf 74' lang='lat' dir='ltr'><strong>willkiilzrliclzer</strong></span> <span class='ocrx_word' id='word_1_312' title='bbox 1478 2070 1544 2113; x_wconf 75' lang='lat' dir='ltr'><strong>die</strong></span> <span class='ocrx_word' id='word_1_313' title='bbox 1574 2070 1753 2113; x_wconf 83' lang='lat' dir='ltr'><strong>Zcichen.</strong></span> 
     </span>
    </p>
   </div>
   <div class='ocr_carea' id='block_1_3' title="bbox 1183 2249 1256 2314">
    <p class='ocr_par' dir='ltr' id='par_1_4' title="bbox 1183 2249 1256 2314">
     <span class='ocr_line' id='line_1_30' title="bbox 1183 2249 1256 2314; baseline -0.027 0"><span class='ocrx_word' id='word_1_314' title='bbox 1183 2249 1256 2314; x_wconf 92' lang='lat' dir='ltr'><strong>V.</strong></span> 
     </span>
    </p>
   </div>
   <div class='ocr_carea' id='block_1_4' title="bbox 302 2355 2130 2425">
    <p class='ocr_par' dir='ltr' id='par_1_5' title="bbox 302 2355 2130 2425">
     <span class='ocr_line' id='line_1_31' title="bbox 302 2355 2130 2425; baseline -0.002 -16"><span class='ocrx_word' id='word_1_315' title='bbox 302 2355 381 2409; x_wconf 87' lang='lat' dir='ltr'><strong>De</strong></span> <span class='ocrx_word' id='word_1_316' title='bbox 416 2355 531 2424; x_wconf 86' lang='lat' dir='ltr'><strong>lege</strong></span> <span class='ocrx_word' id='word_1_317' title='bbox 568 2361 892 2424; x_wconf 83' lang='lat' dir='ltr'><strong>cognationis</strong></span> <span class='ocrx_word' id='word_1_318' title='bbox 926 2362 981 2411; x_wconf 88' lang='lat' dir='ltr'><strong>in</strong></span> <span class='ocrx_word' id='word_1_319' title='bbox 1016 2356 1164 2410; x_wconf 88' lang='lat' dir='ltr'><strong>libris</strong></span> <span class='ocrx_word' id='word_1_320' title='bbox 1201 2361 1545 2425; x_wconf 84' lang='lat' dir='ltr'><strong>grammaticis</strong></span> <span class='ocrx_word' id='word_1_321' title='bbox 1579 2371 1817 2407; x_wconf 85' lang='lat' dir='ltr'><strong>seorsum</strong></span> <span class='ocrx_word' id='word_1_322' title='bbox 1853 2357 2130 2407; x_wconf 83' lang='lat' dir='ltr'><strong>tractanda.</strong></span> 
     </span>
    </p>
   </div>
   <div class='ocr_carea' id='block_1_5' title="bbox 238 2484 2264 2890">
    <p class='ocr_par' dir='ltr' id='par_1_6' title="bbox 238 2484 2264 2890">
     <span class='ocr_line' id='line_1_32' title="bbox 321 2484 2190 2546; baseline -0.002 -18"><span class='ocrx_word' id='word_1_323' title='bbox 321 2517 326 2536; x_wconf 55' lang='lat'>2</span> <span class='ocrx_word' id='word_1_324' title='bbox 359 2485 643 2545; x_wconf 68' lang='lat' dir='ltr'><strong>Simplicior-em</strong></span> <span class='ocrx_word' id='word_1_325' title='bbox 673 2497 788 2546; x_wconf 87' lang='lat' dir='ltr'><strong>atque</strong></span> <span class='ocrx_word' id='word_1_326' title='bbox 818 2487 868 2531; x_wconf 90' lang='lat' dir='ltr'><strong>ad</strong></span> <span class='ocrx_word' id='word_1_327' title='bbox 899 2486 1090 2530; x_wconf 88' lang='lat' dir='ltr'><strong>acuendas</strong></span> <span class='ocrx_word' id='word_1_328' title='bbox 1128 2497 1275 2530; x_wconf 89' lang='lat' dir='ltr'><strong>mentes</strong></span> <span class='ocrx_word' id='word_1_329' title='bbox 1305 2485 1428 2545; x_wconf 83' lang='lat' dir='ltr'><strong>magis</strong></span> <span class='ocrx_word' id='word_1_330' title='bbox 1458 2485 1640 2529; x_wconf 87' lang='lat' dir='ltr'><strong>idoneam</strong></span> <span class='ocrx_word' id='word_1_331' title='bbox 1679 2485 1909 2529; x_wconf 87' lang='lat' dir='ltr'><strong>haberemus</strong></span> <span class='ocrx_word' id='word_1_332' title='bbox 1948 2484 2190 2543; x_wconf 85' lang='lat' dir='ltr'><strong>disciplinam</strong></span> 
     </span>
     <span class='ocr_line' id='line_1_33' title="bbox 242 2556 2264 2615; baseline -0.001 -17"><span class='ocrx_word' id='word_1_333' title='bbox 242 2557 544 2610; x_wconf 84' lang='lat' dir='ltr'><strong>grammaticam,</strong></span> <span class='ocrx_word' id='word_1_334' title='bbox 574 2557 608 2600; x_wconf 88' lang='lat' dir='ltr'><strong>si</strong></span> <span class='ocrx_word' id='word_1_335' title='bbox 639 2573 683 2600; x_wconf 91' lang='lat' dir='ltr'><strong>ea</strong></span> <span class='ocrx_word' id='word_1_336' title='bbox 714 2573 759 2600; x_wconf 85' lang='lat' dir='ltr'><strong>ex</strong></span> <span class='ocrx_word' id='word_1_337' title='bbox 788 2567 909 2615; x_wconf 88' lang='lat' dir='ltr'><strong>parte,</strong></span> <span class='ocrx_word' id='word_1_338' title='bbox 940 2572 1038 2615; x_wconf 86' lang='lat' dir='ltr'><strong>quae</strong></span> <span class='ocrx_word' id='word_1_339' title='bbox 1070 2566 1127 2598; x_wconf 87' lang='lat' dir='ltr'><strong>est</strong></span> <span class='ocrx_word' id='word_1_340' title='bbox 1157 2556 1206 2598; x_wconf 88' lang='lat' dir='ltr'><strong>de</strong></span> <span class='ocrx_word' id='word_1_341' title='bbox 1238 2559 1395 2598; x_wconf 81' lang='lat' dir='ltr'><strong>casuum</strong></span> <span class='ocrx_word' id='word_1_342' title='bbox 1426 2556 1621 2607; x_wconf 88' lang='lat' dir='ltr'><strong>rectione,</strong></span> <span class='ocrx_word' id='word_1_343' title='bbox 1663 2565 1876 2598; x_wconf 88' lang='lat' dir='ltr'><strong>structurae</strong></span> <span class='ocrx_word' id='word_1_344' title='bbox 1907 2569 2056 2604; x_wconf 89' lang='lat' dir='ltr'><strong>omnes,</strong></span> <span class='ocrx_word' id='word_1_345' title='bbox 2088 2568 2187 2610; x_wconf 78' lang='lat' dir='ltr'><strong>quae</strong></span> <span class='ocrx_word' id='word_1_346' title='bbox 2258 2567 2264 2571; x_wconf 73' lang='grc'><em>”</em></span> 
     </span>
     <span class='ocr_line' id='line_1_34' title="bbox 238 2623 2188 2686; baseline -0.001 -21"><span class='ocrx_word' id='word_1_347' title='bbox 238 2639 312 2681; x_wconf 81' lang='lat' dir='ltr'><strong>per</strong></span> <span class='ocrx_word' id='word_1_348' title='bbox 341 2624 625 2680; x_wconf 85' lang='lat' dir='ltr'><strong>cognationem,</strong></span> <span class='ocrx_word' id='word_1_349' title='bbox 657 2643 773 2686; x_wconf 88' lang='lat' dir='ltr'><strong>quam</strong></span> <span class='ocrx_word' id='word_1_350' title='bbox 804 2627 959 2677; x_wconf 90' lang='lat' dir='ltr'><strong>dicunt,</strong></span> <span class='ocrx_word' id='word_1_351' title='bbox 989 2625 1115 2668; x_wconf 90' lang='lat' dir='ltr'><strong>solent</strong></span> <span class='ocrx_word' id='word_1_352' title='bbox 1144 2625 1248 2675; x_wconf 83' lang='lat' dir='ltr'><strong>fieri,</strong></span> <span class='ocrx_word' id='word_1_353' title='bbox 1279 2624 1464 2681; x_wconf 86' lang='lat' dir='ltr'><strong>rejectae,</strong></span> <span class='ocrx_word' id='word_1_354' title='bbox 1504 2642 1627 2667; x_wconf 90' lang='lat' dir='ltr'><strong>unum</strong></span> <span class='ocrx_word' id='word_1_355' title='bbox 1658 2625 1733 2667; x_wconf 89' lang='lat' dir='ltr'><strong>sub</strong></span> <span class='ocrx_word' id='word_1_356' title='bbox 1772 2624 1953 2666; x_wconf 89' lang='lat' dir='ltr'><strong>obtutum</strong></span> <span class='ocrx_word' id='word_1_357' title='bbox 1992 2623 2188 2664; x_wconf 83' lang='lat' dir='ltr'><strong>darentur.</strong></span> 
     </span>
     <span class='ocr_line' id='line_1_35' title="bbox 239 2690 2191 2753; baseline -0.001 -18"><span class='ocrx_word' id='word_1_358' title='bbox 239 2693 360 2736; x_wconf 82' lang='lat' dir='ltr'><strong>Fiunt</strong></span> <span class='ocrx_word' id='word_1_359' title='bbox 388 2704 518 2738; x_wconf 84' lang='lat' dir='ltr'><strong>autem</strong></span> <span class='ocrx_word' id='word_1_360' title='bbox 547 2712 619 2753; x_wconf 89' lang='lat' dir='ltr'><strong>per</strong></span> <span class='ocrx_word' id='word_1_361' title='bbox 649 2696 917 2752; x_wconf 85' lang='lat' dir='ltr'><strong>cognationem</strong></span> <span class='ocrx_word' id='word_1_362' title='bbox 950 2694 1130 2738; x_wconf 86' lang='lat' dir='ltr'><strong>omnibus</strong></span> <span class='ocrx_word' id='word_1_363' title='bbox 1161 2694 1202 2736; x_wconf 92' lang='lat' dir='ltr'><strong>in</strong></span> <span class='ocrx_word' id='word_1_364' title='bbox 1233 2693 1378 2751; x_wconf 85' lang='lat' dir='ltr'><strong>linguis</strong></span> <span class='ocrx_word' id='word_1_365' title='bbox 1409 2704 1627 2738; x_wconf 87' lang='lat' dir='ltr'><strong>structurae</strong></span> <span class='ocrx_word' id='word_1_366' title='bbox 1656 2690 1864 2752; x_wconf 80' lang='lat' dir='ltr'><strong>plurimae,</strong></span> <span class='ocrx_word' id='word_1_367' title='bbox 1906 2706 2004 2749; x_wconf 87' lang='lat' dir='ltr'><strong>quae</strong></span> <span class='ocrx_word' id='word_1_368' title='bbox 2034 2690 2191 2733; x_wconf 83' lang='lat' dir='ltr'><strong>videan-</strong></span> 
     </span>
     <span class='ocr_line' id='line_1_36' title="bbox 239 2753 2191 2838; baseline -0.001 -34"><span class='ocrx_word' id='word_1_369' title='bbox 239 2769 305 2804; x_wconf 85' lang='lat' dir='ltr'><strong>tur</strong></span> <span class='ocrx_word' id='word_1_370' title='bbox 334 2777 468 2813; x_wconf 80' lang='lat' dir='ltr'><strong>novae,</strong></span> <span class='ocrx_word' id='word_1_371' title='bbox 499 2778 621 2821; x_wconf 83' lang='lat' dir='ltr'><strong>quum</strong></span> <span class='ocrx_word' id='word_1_372' title='bbox 653 2764 826 2810; x_wconf 78' lang='lat' dir='ltr'><strong>alterum</strong></span> <span class='ocrx_word' id='word_1_373' title='bbox 846 2781 919 2823; x_wconf 93' lang='lat' dir='ltr'><strong>pro</strong></span> <span class='ocrx_word' id='word_1_374' title='bbox 949 2764 1069 2808; x_wconf 88' lang='lat' dir='ltr'><strong>altero</strong></span> <span class='ocrx_word' id='word_1_375' title='bbox 1098 2753 1259 2806; x_wconf 84' lang='lat' dir='ltr'><strong>verbum</strong></span> <span class='ocrx_word' id='word_1_376' title='bbox 1289 2779 1333 2805; x_wconf 90' lang='lat' dir='ltr'><strong>ac</strong></span> <span class='ocrx_word' id='word_1_377' title='bbox 1356 2764 1509 2820; x_wconf 86' lang='lat' dir='ltr'><strong>saepius</strong></span> <span class='ocrx_word' id='word_1_378' title='bbox 1536 2778 1799 2822; x_wconf 83' lang='lat' dir='ltr'><strong>synonymum</strong></span> <span class='ocrx_word' id='word_1_379' title='bbox 1829 2761 2015 2838; x_wconf 48' lang='lat' dir='ltr'><strong>ponitm,</strong></span> <span class='ocrx_word' id='word_1_380' title='bbox 2032 2759 2191 2802; x_wconf 82' lang='lat' dir='ltr'><strong>alterius</strong></span> 
     </span>
     <span class='ocr_line' id='line_1_37' title="bbox 239 2820 2189 2890; baseline -0.003 -15"><span class='ocrx_word' id='word_1_381' title='bbox 239 2829 279 2875; x_wconf 77' lang='lat' dir='ltr'><strong>iu</strong></span> <span class='ocrx_word' id='word_1_382' title='bbox 310 2829 475 2875; x_wconf 84' lang='lat' dir='ltr'><strong>alterum</strong></span> <span class='ocrx_word' id='word_1_383' title='bbox 505 2833 694 2888; x_wconf 82' lang='lat' dir='ltr'><strong>regimine</strong></span> <span class='ocrx_word' id='word_1_384' title='bbox 724 2834 918 2878; x_wconf 87' lang='lat' dir='ltr'><strong>translato</strong></span> <span class='ocrx_word' id='word_1_385' title='bbox 981 2831 1072 2878; x_wconf 83' lang='lat' dir='ltr'><strong>Non&#39;</strong></span> <span class='ocrx_word' id='word_1_386' title='bbox 1102 2849 1194 2890; x_wconf 87' lang='lat' dir='ltr'><strong>ergo</strong></span> <span class='ocrx_word' id='word_1_387' title='bbox 1224 2834 1324 2877; x_wconf 89' lang='lat' dir='ltr'><strong>bene</strong></span> <span class='ocrx_word' id='word_1_388' title='bbox 1354 2832 1450 2876; x_wconf 90' lang='lat' dir='ltr'><strong>mihi</strong></span> <span class='ocrx_word' id='word_1_389' title='bbox 1479 2832 1659 2875; x_wconf 80' lang='lat' dir='ltr'><strong>videntur</strong></span> <span class='ocrx_word' id='word_1_390' title='bbox 1687 2828 1909 2880; x_wconf 88' lang='lat' dir='ltr'><strong>consulere,</strong></span> <span class='ocrx_word' id='word_1_391' title='bbox 1927 2820 2018 2887; x_wconf 81' lang='lat' dir='ltr'><strong>qui</strong></span> <span class='ocrx_word' id='word_1_392' title='bbox 2048 2828 2097 2871; x_wconf 91' lang='lat' dir='ltr'><strong>de</strong></span> <span class='ocrx_word' id='word_1_393' title='bbox 2128 2845 2189 2871; x_wconf 87' lang='lat' dir='ltr'><strong>ac-</strong></span> 
     </span>
    </p>
   </div>
  </div>
 </body>
</html>
