2436 3003
1212 95 1264 144 o*
1307 59 1329 66 ,f

189 217 193 228 ’
254 233 445 280 endam
343 235 372 250 ’“
435 218 683 278 &simulam
709 248 713 259 ’-
745 234 845 277 Nam
875 233 1033 276 Tacitus
1055 242 1108 274 ut
1136 242 1282 277 ceteras
1316 233 1507 275 orationis
1538 244 1684 290 partes,
1725 234 1784 278 ita
1807 236 2114 293 praepositiones
2145 253 2210 279 co-

145 302 153 307 *
180 319 193 342 t
252 301 391 363 gaiana
413 318 537 362 ’saepe
568 312 790 353 commutat,
822 312 865 344 ut
894 302 939 345 in
966 316 1041 361 pro
1057 304 1175 343 ‘inter
1203 301 1239 344 h.
1270 301 1294 344 Ι.
1327 302 1497 359 positum
1529 317 1610 345 esse
1641 302 1749 346 liceat
1780 293 1926 356 dicer&
1966 305 2075 363 quod
2104 305 2208 347 idem

188 387 195 394 ‘
251 373 348 429 Agr.
383 374 448 415 16.
461 387 465 390 ’
478 373 592 415 fecit:
622 388 694 414 nec
723 372 859 413 ullum
879 374 933 414 in
963 371 1154 413 barbaris·
1189 374 1381 413 saevitiae
1408 388 1541 427 genus
1578 374 1717 414 omisit
1751 376 1818 415 ira
1848 382 1887 415 et
1916 376 2091 416 victoria.
2154 375 2207 416 At

252 457 302 485 ne
334 440 408 484 hoc
439 441 599 500 quidem
629 440 805 484 subsidio
836 451 893 483 est
923 449 1195 499 opus,tquum
1225 440 1402 492 Tacitus,
1433 441 1473 482 in
1506 438 1726 483 omittendis
1757 442 2107 500 praepositionibus
2138 458 2207 485 au-

197 533 205 537 -
251 510 583 562 daciorfeasdem
615 510 648 552 si
679 510 828 566 adjicit,
860 526 947 552 cum
979 510 1015 552 vi
1047 509 1214 567 quadam
1245 526 1291 552 ac
1319 510 1500 567 pondere*
1522 510 1647 552 addat.
1695 511 1801 567 Ergo
1831 514 1875 554 in
1898 514 2103 568 patientia
2131 511 2206 554 hoc

250 580 322 623 erit
351 582 395 622 ut
425 579 571 621 dictum
602 579 712 621 velit:
745 583 790 621 ἐν
818 578 928 639 μέσῃ
959 584 1015 635 τῆ
1045 578 1265 635 ἀσθενείᾳ,
1296 578 1454 632 μεταξύ
1488 579 1697 621 ἀσθενῶν.
1758 580 1934 622 Ceterum
1967 581 2115 623 Seneca
2142 580 2206 622 in-

247 649 453 705 telligendi
484 649 635 712 copiam
666 649 795 699 faciet,
836 648 926 690 huic
964 648 1116 690 notioni
1151 648 1254 690 vocis
1293 648 1491 691 Romanos
1529 649 1825 692 anteTacitum
1864 650 2084 694 insuevisse.
2117 651 2203 693 Nat.

251 717 301 772 Q.
332 718 364 767 I,
402 718 475 759 16:
507 725 568 758 est
595 718 742 774 aliqua
772 719 897 758 etiam
920 719 1154 773 prostitutis
1183 717 1382 758 modestia
1389 733 1421 764 ,⁴-
1443 726 1480 758 et
1508 718 1589 758 illa
1618 733 1816 773 corpora,
1850 719 2017 772 publico
2049 719 2207 775 objecta

250 784 448 835 ludibrio,
478 785 663 842 aliquid,
695 802 778 843 quo
809 786 963 842 infeliz·
985 787 1186 841 patientia
1216 786 1359 836 lateat,
1391 786 1620 828 obtendunt.
1664 786 1734 843 Ep.
1768 785 1846 828 78:
1888 786 2206 828 tolerabilis-est
2266 779 2279 788 X

250 854 391 896 morbi
409 856 632 910 patientia,
677 857 720 896 si
745 856 1002 895 contemseris
1032 853 1094 902 id,
1136 854 1253 910 quod
1277 862 1502 895 extremum
1532 857 1723 896 minatur.
1757 854 1807 897 ib.
1839 854 1918 896 82:
1957 855 2032 895 ubi
2066 862 2203 895 autem

249 922 313 965 ad
337 923 498 964 malum
529 922 753 973 acceditur,
784 930 861 967 aut
882 922 1076 980 pejorum
1106 931 1215 963 metu
1232 921 1293 979 fit
1321 930 1396 963 aut
1422 938 1493 979 spe
1523 923 1746 973 bonorum,
1777 922 1840 964 ad
1865 938 1972 980 quae
1995 925 2203 979 pervenire

249 995 359 1035 tanti
382 995 456 1042 sit,
496 991 690 1034 devorata
720 994 843 1034 unius
874 992 983 1033 mali
1002 994 1211 1048 patientia.
1242 992 1293 1034 ib.
1327 991 1402 1034 97:
1442 994 1486 1033 in
1517 992 1653 1034 locum
1677 994 1902 1049 patientiae
1938 994 2063 1033 timor
2092 992 2200 1033 cede-

249 1069 316 1103 ret.
382 1061 513 1117 Quem
545 1060 671 1103 locum
704 1070 942 1118 postremum
975 1060 1041 1118 qui
1073 1060 1276 1117 diligenter
1306 1060 1527 1118 inspiciunt,
1560 1061 1687 1102 statim
1718 1060 1944 1117 intelligent,
1976 1076 2056 1102 non
2088 1075 2202 1117 posse

248 1131 285 1172 h.
311 1129 334 1172 l.
362 1143 446 1171 eam
478 1118 595 1171 animi
627 1131 818 1179 virtutem,
849 1146 948 1186 quae
980 1131 1120 1171 dicitur
1148 1131 1341 1187 patientia,
1371 1130 1545 1179 indicari,
1578 1131 1647 1172 sed
1676 1130 1751 1172 hoc
1782 1130 2026 1187 potissimum
2056 1131 2201 1173 inesse:

248 1198 342 1241 verti
374 1198 551 1241 timorem
581 1198 622 1241 in
653 1214 840 1257 poenam,
883 1197 948 1249 die
976 1198 1133 1242 Furcht
1161 1196 1295 1241 werde
1330 1197 1457 1240 selbst
1484 1214 1581 1240 zum
1610 1197 1770 1240 Leiden.
1830 1198 1881 1240 Et
1911 1208 1967 1240 est
1997 1197 2060 1240 hic
2092 1197 2200 1240 locus

248 1267 407 1323 majoris
437 1268 644 1318 momenti,
685 1285 801 1325 quam
833 1269 912 1310 duo
949 1264 1186 1325 superiores,
1229 1268 1318 1324 quia
1348 1268 1532 1324 patientia
1564 1267 1599 1309 h.
1632 1267 1655 1309 l:
1688 1267 1862 1309 absolute
1894 1268 2043 1308 dicitur.
2108 1268 2201 1323 Quo

247 1335 371 1392 magis
402 1350 448 1379 eo
479 1335 582 1379 Anu.
614 1337 683 1387 VI,
714 1336 782 1379 46.
814 1336 1008 1379 firmatum
1039 1337 1086 1379 iri
1117 1352 1239 1395 spero.
1295 1335 1375 1378 Sed
1404 1335 1577 1378 indidem
1607 1335 1730 1393 ipsius
1762 1334 1930 1377 Senecae
1962 1335 2059 1378 alius
2091 1334 2200 1378 locus

247 1404 457 1445 sanabitur.
488 1406 589 1445 Nam
620 1405 679 1445 ed.
713 1405 801 1446 Sen.
837 1406 1153 1455 Goffiofrediana,
1184 1407 1271 1448 Bas.
1309 1406 1423 1445 1590
1451 1406 1492 1447 in
1523 1404 1653 1445 libello
1685 1404 1734 1445 de
1763 1405 1876 1445 Prov.
1909 1421 1939 1445 c.
1972 1401 2027 1445 4.x
2044 1405 2200 1460 optime,

247 1482 291 1515 ut
319 1470 415 1515 mihi
447 1471 605 1530 quidem
636 1472 806 1524 videtur,
847 1473 1020 1517 exhibet:
1058 1473 1121 1516 ad
1145 1472 1476 1515 contemnendam
1514 1473 1723 1514 malorum
1748 1473 1993 1529 patientiam
2032 1474 2199 1515 animus

241 1543 444 1597 patientia
476 1544 666 1597 pervenit.
728 1545 895 1597 Lipsius
935 1553 972 1583 et
1006 1545 1235 1584 Gronovius
1274 1541 1383 1582 nulla
1422 1542 1596 1582 lectionis
1632 1542 1814 1581 varietate
1853 1551 2064 1582 memorata
2105 1542 2199 1582 scri-

244 1610 366 1652 bunt:
396 1608 459 1651 ad
483 1610 815 1652 contemnendam
845 1611 1055 1653 malorum
1078 1613 1306 1667 potentiam
1336 1621 1404 1653 etc.
1460 1610 1552 1666 Qua
1582 1609 1732 1652 ratione
1761 1609 1950 1652 sententia
1979 1608 2199 1652 mehercule

246 1677 428 1721 omnibus
466 1678 554 1720 trita
584 1689 620 1720 et
663 1677 896 1737 philosopho
935 1695 1072 1737 pamm
1110 1679 1228 1735 digna
1266 1679 1446 1722 nascitur.
1510 1678 1620 1721 Idem
1657 1677 1775 1735 paulo
1806 1677 1907 1719 infra
1938 1694 1968 1720 c.
2001 1677 2041 1721 8.
2073 1678 2201 1720 Deum

245 1746 341 1788 facit
365 1746 575 1788 dicentem:
607 1763 689 1787 non
720 1763 835 1802 egere
851 1749 1078 1803 felicitate,
1106 1749 1296 1803 felicitas
1328 1756 1457 1788 vestra
1471 1756 1554 1788 fest.
1618 1747 1728 1802 Quid
1759 1762 1852 1802 ergo
1882 1746 2007 1801 magis
2038 1762 2200 1788 consen-

245 1825 421 1865 taneum,
463 1818 580 1872 quam
612 1816 728 1859 ascita
767 1816 928 1859 lectione
960 1816 1136 1859 Gothofr.
1178 1817 1340 1860 eandem
1379 1816 1587 1860 antithesin
1618 1816 1673 1858 ibi
1703 1826 1891 1867 statuere,
1931 1826 1976 1858 ut
1999 1817 2200 1872 patientia

239 1883 336 1927 hinc
366 1885 647 1944 metonymico,
679 1884 784 1927 illinc
824 1886 1015 1928 abstracto
1046 1902 1163 1928 sensu
1203 1885 1424 1944 recipienda
1455 1886 1529 1928 sit?
1591 1885 1775 1927 Ostendit
1813 1885 1966 1927 duobus
2006 1884 2099 1926 locis
2131 1900 2197 1926 su-

245 1954 465 2011 perioribus
496 1954 662 2004 Seneca,
705 1971 747 1996 se
777 1956 983 2012 proclivem
1016 1972 1097 1998 esse
1127 1957 1168 1997 in
1199 1956 1418 2011 jungendas
1449 1971 1580 1997 voces:
1618 1956 1744 2003 mali,
1784 1971 1850 1996 seu
1882 1954 2091 1994 malorum
2115 1970 2196 2010 pa-

245 2025 394 2078 tientia.
457 2022 506 2065 Et
537 2026 705 2080 Lipsius
735 2024 785 2067 ad
815 2024 885 2082 Ep.
919 2025 986 2067 97.
1017 2025 1100 2083 ipse
1130 2036 1282 2076 monet,
1313 2025 1454 2077 fuisse,
1487 2025 1555 2083 qui
1580 2025 1848 2081 poenitentiae
1885 2038 2001 2080 quam
2034 2024 2197 2079 patien-

245 2093 326 2133 tiae
356 2090 563 2147 legendum
595 2107 678 2133 esse
707 2108 911 2150 perperam
942 2104 1161 2144 censerent;
1201 2095 1327 2143 unde,
1359 2094 1466 2152 quod
1506 2107 1688 2150 persaepe
1719 2092 1861 2141 evenit,
1894 2092 2197 2142 demonstratur,

246 2175 340 2203 usus
380 2159 564 2218 loquendi
603 2160 661 2202 vel
699 2161 888 2204 incuriam
928 2162 986 2204 vel
1017 2163 1206 2205 inscitiam
1244 2163 1365 2205 multa
1403 2163 1548 2219 ubique
1578 2162 1617 2202 in
1658 2160 1768 2217 pejus
1807 2160 1986 2211 vertisse,
2030 2159 2198 2211 abolitis,

246 2244 345 2287 quae
375 2229 554 2286 primitus
584 2229 723 2286 scripta
755 2246 901 2272 morem
934 2231 1115 2273 omnibus
1146 2241 1281 2272 notum
1313 2232 1445 2287 egredi
1476 2231 1703 2272 w'derentur.
1757 2229 1908 2271 Eodem
1939 2228 1989 2271 de
2020 2229 2125 2271 fonte
2156 2230 2198 2271 in

200 2292 203 2295 ’
245 2296 450 2356 plerasque
481 2297 692 2340 editionum
718 2301 946 2357 potentiam
977 2314 1150 2342 manasse
1182 2299 1368 2352 existimo,
1401 2310 1437 2344 et
1469 2298 1754 2343 Gothofredum
1786 2297 1822 2342 h.
1856 2297 1880 2339 l.
1913 2312 2008 2358 prae
2038 2298 2196 2357 reliquis

246 2367 482 2410 audiendum
513 2385 603 2410 esse.

362 2437 429 2481 Ad
459 2438 803 2493 Tacitum-redeo,
844 2441 955 2499 cujus
995 2436 1169 2501 superest
1205 2441 1312 2485 locus
1352 2442 1422 2485 hac
1461 2442 1544 2500 ipsa
1585 2441 1736 2484 ratione
1776 2439 2049 2490 vindicandus,
2091 2438 2195 2481 Ann.

247 2507 314 2555 IV,
332 2508 422 2558 ⁴12:
459 2511 589 2563 agitur
618 2514 915 2552 contumaciam
954 2513 1041 2568 ejus
1071 2515 1278 2559 insectari,
1319 2521 1427 2553 vetus
1456 2508 1671 2566 Augustae
1702 2512 1862 2560 odium,
1904 2518 2097 2550 recentem
2125 2511 2196 2550 Li-

247 2576 333 2616 viae
372 2580 657 2622 conscientiam
702 2582 934 2636 exagitare,
983 2589 1029 2622 ut
1064 2581 1299 2637 superbiam
1323 2580 1584 2637 fecunditate
1630 2581 1873 2628 subnixam,
1916 2577 2196 2636 popularibus

245 2642 393 2686 studiis
429 2646 592 2697 inlu'are
629 2649 906 2691 dominationi
946 2649 1064 2706 apud
1091 2651 1308 2691 Caesarem
1347 2658 1576 2705 arguerent.
1638 2652 1819 2691 Muretus
1856 2648 1991 2705 paucis
2021 2644 2196 2695 absolvit,

245 2714 465 2768 superbam
495 2731 580 2758 esse
609 2717 818 2773 legendum
850 2729 995 2768 censet;
1035 2735 1150 2775 quam
1190 2719 1418 2761 sententiam
1451 2722 1566 2761 Grut.
1598 2729 1636 2760 et
1665 2721 1763 2759 Ern.
1796 2726 2021 2773 sequuntur.
2065 2716 2193 2760 Gron.

245 2794 374 2834 veram
404 2782 605 2828 lectionem
637 2802 717 2829 non
748 2786 912 2833 deletam
944 2798 1078 2831 contra
1107 2797 1378 2845 oppugnantes
1408 2804 1488 2830 non
1520 2787 1700 2830 defendit.
1756 2784 1881 2841 Quasi
1912 2782 2070 2842 quidem
2101 2782 2196 2826 haec

247 2864 342 2891 nova
376 2863 475 2895 esset
505 2856 763 2914 metonymia3
802 2858 996 2913 superbia
1034 2856 1267 2900 fecunditate
1306 2858 1490 2907 subnixa,
1530 2873 1574 2899 ac
1604 2871 1682 2897 non
1713 2854 1866 2903 liceret,
1904 2853 2040 2896 animi'
2055 2852 2112 2895 vel
2144 2853 2198 2893 vi-

1692 2938 1719 2975 2
