2436 3003
248 187 338 252 111111ὶ
368 205 477 251 aliud
514 205 731 264 profectum
773 213 831 247 est
866 218 1044 248 sermone
1076 203 1300 247 Germanici
1339 214 1376 246 et
1406 206 1581 257 Pisonis,
1626 222 1741 264 quam
1786 216 1828 268 ut
1868 221 1911 249 ea
1951 207 2204 265 aperirentur,

221 330 231 336 „
250 292 351 335 qnae
382 275 546 319 alterum
576 275 686 319 alteri
717 274 915 317 inimicum
947 273 1172 317 reddebant.

1175 453 1278 515 111.

841 562 920 614 De
956 561 1210 628 singulari
1255 566 1611 627 metonymico.

368 691 517 734 Plurali
553 691 814 749 metonymico
847 706 891 733 ea
922 691 983 733 via
1019 690 1214 741 munitur,
1235 700 1332 747 'qua
1362 691 1412 732 ad
1452 691 1604 732 numeri
1647 689 1857 745 singularis
1889 707 2023 733 vocum
2054 693 2204 736 abstra-

250 770 398 804 ctarum
438 776 553 803 usum
568 760 894 819 „metonymicum
934 758 1130 802 transitur.
1199 761 1299 803 Nam
1337 759 1369 801 si
1411 769 1615 817 utramque
1657 759 1829 817 copiam,
1872 770 1955 802 tum
1994 760 2204 818 pluralium

247 829 617 887 metonymicorum,
648 839 732 869 tum
763 828 1040 884 singularium,
1082 844 1102 869 e
1133 829 1317 884 scriptore
1349 844 1485 869 aureae
1516 829 1650 869 aetatis
1681 828 1740 869 vel
1772 839 1973 883 argenteae
2006 829 2204 871 collectam

247 897 424 946 metiare,
464 896 552 940 illos
583 897 742 940 fuisse'
732 914 773 939 m
804 913 880 939 usu
913 896 1113 939 hominum
1144 897 1292 954 priores
1323 896 1447 952 major
1477 897 1560 953 ipsa
1590 897 1645 939 vis
1678 907 1716 940 et
1745 913 1932 940 numerus
1963 897 2203 942 demonstra-

246 966 323 1019 bit;
354 966 495 1009 horum
525 981 614 1008 vero
640 967 813 1009 studium
845 982 925 1008 non
952 962 1061 1023 prius
1092 967 1220 1023 vigere
1251 966 1434 1023 coepisse,
1467 982 1583 1023 quam
1615 983 1683 1008 ora
1714 982 1907 1025 auresque
1939 966 2012 1009 illis
2043 967 2201 1025 plurali-

246 1036 321 1076 bus
351 1035 614 1076 iusuevissent.
677 1036 729 1075 Et
758 1035 871 1076 hac
861 1051 902 1075 m
933 1050 975 1075 re
1006 1045 1043 1075 et
1072 1035 1113 1075 in
1143 1034 1273 1075 multis
1304 1034 1386 1075 aliis
1418 1035 1641 1091 excipienda
1672 1046 1782 1085 sunt,
1815 1051 1914 1091 quae
1947 1052 2040 1077 usus
2071 1037 2112 1076 in
2144 1052 2203 1078 re-

246 1104 322 1146 bus
354 1104 533 1159 agendis,
575 1120 656 1145 non
687 1114 838 1145 tantum
877 1102 1064 1160 publicis,
1106 1103 1176 1145 sed
1207 1102 1320 1144 etiam
1352 1103 1491 1152 sacris,
1529 1102 1780 1155 militaribus,
1817 1104 1974 1160 privatis
2015 1105 2199 1147 formavit.

247 1172 360 1228 Quae
392 1172 494 1213 enim
525 1171 699 1229 quotidie
732 1182 799 1213 aut
828 1187 942 1229 saepe
973 1171 1095 1221 fiunt,
1128 1187 1262 1213 eorum
1293 1170 1518 1212 brevissima
1548 1171 1738 1228 quaedam
1777 1173 1935 1214 nomina
1966 1189 2060 1215 usus
2092 1189 2203 1230 repe-

246 1241 317 1290 rit,
357 1251 395 1281 et
425 1242 465 1282 in
497 1256 715 1282 sermonem
755 1240 957 1282 hominum
988 1241 1122 1282 infert:
1161 1250 1205 1281 ut
1234 1238 1384 1280 nullum
1424 1255 1547 1293 genus
1578 1239 1710 1295 plures
1742 1239 1916 1296 ellipses,
1956 1243 2201 1298 aposiopeses

246 1318 284 1351 et
316 1318 511 1367 quotquot
539 1319 632 1352 sunt
661 1308 847 1352 brevioris
879 1308 1063 1352 orationis
1094 1308 1262 1365 figurae,
1306 1306 1462 1358 habeat,
1503 1323 1619 1366 quam
1651 1323 1744 1364 grex
1776 1307 1941 1362 forensis
1972 1309 2098 1352 Musis
2129 1310 2202 1352 ini-

243 1368 485 1420 micissimus.
547 1379 681 1436 Itaque
713 1378 847 1420 Cicero
879 1379 950 1436 Ep.
984 1379 1014 1428 I,
1050 1380 1093 1420 1:
1137 1378 1292 1435 antiqua
1324 1377 1560 1436 metonymia
1599 1377 1750 1419 scribit:
1791 1381 2038 1434 epiroticam—
2059 1383 2199 1421 emtio-

244 1462 337 1488 nem
362 1447 528 1501 gaudeo
562 1448 727 1503 placere
756 1447 854 1495 tibi;
893 1464 1016 1504 quum
1057 1447 1172 1488 emtio
1202 1447 1238 1487 h.
1270 1445 1293 1486 l.
1334 1462 1414 1487 non
1451 1446 1641 1501 significet
1681 1447 1870 1488 actionem
1909 1449 2091 1498 ementis,
2130 1450 2200 1490 sed

243 1531 326 1558 rem
358 1526 507 1557 emtam.
569 1516 745 1558 Eandem
776 1532 822 1557 ex
852 1533 927 1558 usu
959 1516 1145 1571 originem
1177 1531 1221 1557 ea
1251 1514 1487 1573 metonymia
1519 1514 1666 1563 habuit,
1698 1531 1798 1572 quae
1830 1526 1868 1557 et
1897 1515 1988 1559 alibi
2020 1527 2057 1558 et
2087 1518 2195 1559 Brut.

243 1585 314 1634 62,
346 1587 433 1626 225
466 1584 718 1642 conspicitur:
750 1592 797 1626 ut
823 1585 990 1627 saltatio
1022 1583 1227 1642 quaedam
1258 1592 1506 1632 nasceretur,
1548 1586 1618 1624 cui
1643 1584 1861 1630 saltationi
1891 1588 2021 1627 Titius
2052 1602 2198 1627 nomen

243 1660 350 1695 esset.
412 1653 503 1694 Pari
533 1653 652 1695 modo
684 1653 824 1695 Caesar
860 1653 1135 1712 metonymiam
1174 1667 1218 1693 ex
1249 1637 1665 1694 communi'sermone
1707 1654 1864 1694 arcessit
1894 1654 1928 1695 b.
1963 1670 1998 1710 g.
2033 1655 2091 1706 11,
2123 1656 2197 1696 33:

241 1724 457 1763 sectionem
495 1722 641 1777 oppidi
674 1725 905 1763 universam
948 1724 1100 1764 Caesar
1139 1721 1324 1769 vendidit.
1386 1721 1465 1762 Sed
1505 1721 1704 1762 inventum
1744 1739 1766 1763 a
1799 1722 1985 1764 Cicerone
2025 1735 2063 1764 et
2093 1724 2198 1779 adje-

242 1800 348 1832 ctum
387 1789 564 1831 latinitati
605 1790 854 1840 crediderim,
896 1790 1003 1847 quod
1034 1790 1082 1831 de
1113 1806 1167 1831 or.
1203 1790 1241 1840 I,
1274 1789 1331 1831 46
1370 1788 1529 1844 legitur:
1570 1788 1759 1846 idemque
1795 1793 1955 1845 ingenii
1984 1791 2194 1846 praesidio

241 1861 513 1902 innocentiam
547 1858 800 1915 judiciorum
834 1875 971 1917 poena
1013 1859 1193 1902 liberare.
1265 1859 1324 1901 Ita
1363 1858 1465 1901 enim
1506 1874 1580 1915 pro
1622 1860 1898 1902 innocentibus
1936 1860 2194 1902 innocentiam

240 1927 395 1978 inferre,
425 1943 546 1970 novae
578 1929 760 1970 audaciae
793 1939 867 1978 est,
900 1922 949 1970 et¹
967 1929 1140 1985 quamvis
1174 1927 1276 1970 utilis
1307 1929 1348 1968 in
1380 1942 1575 1984 praesens,
1607 1938 1734 1969 tamen
1765 1930 1805 1969 in
1836 1944 2014 1983 magnam
2045 1928 2196 1970 cladem

241 2006 446 2054 erupturae
456 2014 466 2049 ;
498 2013 608 2054 quae,
640 1997 735 2040 dum
767 1997 910 2040 ahenea
944 2009 1046 2041 aetas
1070 1998 1117 2040 iis
1144 1997 1339 2040 luxuriose
1371 1996 1553 2047 abutitur,
1586 2014 1683 2055 quae
1710 2013 1824 2040 aurea
1851 2013 1935 2039 rara
1968 2009 2194 2041 ornamenta

241 2075 277 2106 et
307 2065 453 2118 lumina
486 2067 669 2107 orationis
701 2067 900 2117 habuerat,
932 2067 1029 2108 nihil
1061 2082 1226 2125 usquam
1257 2082 1432 2107 verarum
1463 2067 1599 2107 virium
1631 2067 1670 2106 in
1700 2065 1884 2106 latinitate
1915 2065 2080 2123 reliquit.
2144 2067 2196 2107 Et

239 2148 420 2191 magnam
452 2151 536 2178 esse
576 2136 817 2193 corruptelae
848 2147 996 2194 partem
1027 2138 1068 2178 in
1107 2137 1430 2195 metonymiarum
1462 2136 1580 2177 nimio
1612 2152 1684 2176 usu
1715 2135 1878 2190 positam
1904 2135 2121 2191 intelliget,
2162 2137 2194 2177 si

239 2203 326 2260 quis
357 2202 623 2261 Apollinarem
654 2204 711 2246 vel
743 2204 860 2247 alium
900 2204 1093 2261 quendam
1126 2203 1209 2259 ejus
1247 2203 1326 2245 aevi
1357 2203 1564 2245 revolverit.
1625 2204 1712 2244 Non
1745 2212 1873 2244 autem
1910 2218 2194 2261 supervacuum

184 2271 186 2273 ’
238 2265 400 2322 ridetur,
433 2271 600 2314 collectis
632 2273 813 2330 exemplis
844 2273 965 2315 Taciti
998 2272 1071 2314 hoc
1096 2273 1136 2314 in
1166 2288 1306 2328 genere
1337 2272 1530 2315 scribendi
1558 2287 1681 2327 genus
1713 2271 1933 2314 declarare:
1965 2273 2005 2315 in
2038 2274 2191 2330 quibus,

238 2340 367 2401 qualia
407 2350 500 2384 sunt
529 2342 631 2384 Anu.
663 2342 740 2392 VI,
772 2344 819 2384 2:
860 2341 1159 2398 ignobilitatem
1198 2357 1338 2391 suam,
1380 2341 1486 2391 XIV,
1519 2342 1593 2382 53:
1634 2343 1725 2398 spei
1759 2348 1874 2391 tuae,
1915 2345 2070 2384 novitas
2100 2357 2195 2383 mea

238 2411 415 2453 consulto
446 2412 675 2461 transmitto,
708 2427 929 2468 quanquam
962 2426 1005 2452 ea
1032 2410 1149 2466 hujus
1175 2411 1326 2465 generis
1355 2426 1435 2452 esse
1467 2410 1576 2451 facile
1601 2411 1762 2461 videbis,
1793 2412 1839 2461 si,
1872 2426 1969 2467 quae
1997 2422 2191 2466 postrema

236 2480 372 2536 posui,
414 2497 508 2523 cum
532 2480 659 2523 verbis
676 2481 880 2537 felicitati
908 2496 1020 2522 meae
1058 2479 1232 2536 ejusdem
1265 2495 1344 2537 cap.
1377 2479 1666 2537 comparaveris.
1730 2482 1958 2537 Sapientiae
1988 2480 2188 2530 vocabulo,

236 2557 279 2589 ut
309 2549 359 2591 ab
390 2548 464 2591 hoc
495 2549 699 2607 incipiam,
731 2548 936 2608 dupliciter
966 2549 1087 2592 utitur
1116 2549 1284 2599 Tacitus,
1327 2558 1370 2590 ut
1399 2548 1457 2590 vel
1490 2540 1693 2591 utilitatem
1725 2549 1858 2591 callide
1890 2549 2099 2606 quaesitam
2132 2548 2190 2590 vel

166 2665 169 2668 ,
236 2627 360 2660 totum
382 2619 494 2675 quasi
524 2620 658 2662 orbem
688 2635 819 2662 earum
851 2618 1153 2677 disciplinarum,
1184 2634 1281 2676 quas
1312 2617 1537 2676 philosophi
1567 2628 1741 2669 tractant,
1773 2634 1818 2659 eo
1852 2618 2036 2661 vocabulo
2067 2617 2189 2673 signi-

235 2685 332 2730 ficet.
395 2681 501 2730 lllu'd·
527 2689 631 2731 Ann.
665 2690 696 2740 1,
726 2690 806 2733 28:
838 2705 944 2747 quae
973 2705 1090 2732 casus
1121 2688 1335 2737 obtulerat,
1367 2691 1412 2731 in
1441 2691 1686 2746 sapientiam
1717 2687 1903 2731 vertenda
1933 2694 2056 2729 ratus.
2112 2687 2210 2734 Ne-,

236 2770 312 2812 que
344 2755 453 2799 aliter
483 2756 538 2809 II,
567 2759 634 2801 64.
671 2783 724 2790 -
780 2758 957 2802 Alterum
988 2758 1195 2817 praecipue
1226 2757 1320 2814 Agr.
1353 2761 1382 2800 2
1414 2768 1452 2800 et
1481 2759 1529 2800 4:
1568 2757 1750 2813 expulsis
1777 2758 2001 2813 sapientiae
2026 2757 2191 2812 profes-

234 2826 420 2878 soribus;
453 2825 590 2869 studio
621 2828 873 2884 eloquentiae
902 2832 1203 2885 sapientiaeque
1232 2836 1361 2872 notus.
1394 2828 1508 2871 Adde
1540 2828 1640 2870 Ann.
1673 2827 1740 2877 VI,
1770 2826 1806 2868 6.
1840 2826 1952 2876 XIII,
1978 2826 2049 2869 42.
2081 2826 2188 2874 XVI,
