2436 3003
246 184 379 229 verbo
411 194 542 230 autem
572 183 779 228 subeundi
802 183 961 227 Tacitus
992 198 1065 242 per
1096 199 1258 241 zeugma
1291 198 1386 227 usus
1418 182 1498 236 est,
1541 175 1662 241 cujus'
1693 182 1782 228 euin
1813 182 1963 241 figurae
1993 183 2212 229 studiosum

247 270 330 297 esse
362 255 454 299 alibi
486 254 746 296 ostendemus.
2193 261 2195 270 ⁴

367 323 512 366 Eadem
551 322 650 368 ratio
681 323 802 381 Lipsii
843 323 1150 365 emendationem
1183 323 1284 365 Ann.
1318 323 1420 373 XII,
1452 323 1532 366 49:
1573 323 1783 382 adprobari
1825 316 1937 367 vetat.¹
1996 323 2218 368 Beroaldus

246 393 396 435 scribit:
439 409 535 440 cum
566 395 758 449 privatus
798 394 901 433 olim
943 395 1263 434 conversationes
1302 402 1472 434 curaret.
1534 394 1593 435 Ne
1632 393 1836 436 minimum
1877 393 2034 451 quidem
2073 395 2114 436 in
2144 388 2215 436 ‘his

246 462 372 504 verbis
403 462 523 511 inest,
564 461 674 518 quod
713 461 944 503 mutandum
985 476 1068 502 esse
1099 460 1281 502 videatur.
1345 460 1544 517 Singulari
1584 461 1668 517 ejus
1700 463 1803 504 vocis
1841 478 2005 504 numero
2036 461 2134 504 Dial.
2167 463 2217 504 9:

244 526 388 573 utitur:
434 522 719 588 relinquendo·
737 532 985 574 conversatio
1026 532 1264 573 amicorum.
1328 530 1435 587 Ergo
1466 529 1653 587 Pelignus
1685 530 1769 584 ille,
1809 541 2015 590 antequam
2055 530 2216 591 publico

244 601 398 642 muneri
430 599 731 657 praeficeretur,
771 601 919 656 privato
958 600 1064 656 apud
1097 599 1301 641 Claudium
1342 599 1472 641 officio
1510 600 1668 641 functus
1700 611 1803 650 erat,
1841 611 1884 642 ut
1924 601 2133 643 adduceret
2164 597 2215 643 ad

244 669 485 726 principem,
518 669 752 726 quibuscum
785 669 817 710 is
848 667 1172 710 confabularetur.
1235 668 1284 709 Et
1316 668 1375 710 his
1407 685 1506 725 opus
1538 678 1620 710 erat
1650 670 1838 726 principi,
1869 670 1938 727 qui
1969 670 2094 712 somni
2125 670 2214 712 bre-

243 738 391 781 vissimi
423 748 523 781 esset
557 738 681 794 (Suet.
714 739 761 787 V,
794 738 880 785 33.)
914 747 950 779 et
979 736 1040 787 iis,
1073 737 1141 794 qui
1173 736 1427 788 colluderent,
1461 737 1507 787 ei,
1540 737 1607 795 qui
1639 736 1762 781 aleam
1793 739 2074 782 studiosissime
2104 737 2214 781 lude-

244 817 302 847 ret
336 808 467 860 (Suet.
501 808 541 849 ib
563 809 592 859 ).
654 809 740 847 Jam
781 821 870 846 vero
903 807 952 846 ad
986 807 1196 854 nectenda,
1237 822 1337 861 quae
1372 808 1652 864 insequuntur,
1685 810 1794 848 iners
1824 811 1955 848 otium
1984 809 2213 856 oblectaret,

244 876 332 934 quis
372 892 453 917 non
493 875 617 924 videt,
658 875 697 916 in
738 884 933 931 postrema
972 873 1124 933 syllaba
1163 874 1268 916 verbi
1308 885 1470 917 curaret
1512 874 1689 933 copulam
1729 875 1878 919 facilius
1918 876 2055 927 latere,
2096 893 2213 935 quam

243 934 474 1002 plura‘illa,
515 961 614 1002 quae
645 944 801 1001 Lipsius
840 944 1008 995 infersit,
1049 961 1169 1002 quum
1210 946 1437 1002 praesertim
1470 946 1679 988 Suetonius
1718 946 1820 988 inter
1859 945 2047 1006 plurima·
2069 946 2214 1003 inepta,

244 1029 344 1070 quae
375 1014 424 1054 de
457 1013 622 1054 Claudio
654 1013 847 1060 cumulat,
880 1029 1101 1054 scurrarum
1136 1015 1391 1055 contubernia
1433 1031 1513 1055 non
1546 1015 1713 1055 referat?
1775 1014 1895 1069 Quod
1934 1015 2035 1055 enim
2069 1015 2117 1055 de
2148 1030 2212 1054 co-

243 1083 349 1138 preis
382 1082 519 1123 Oberl.
552 1081 575 1123 l.
608 1098 637 1123 c.
671 1092 816 1131 mouet,
849 1082 899 1123 ad
929 1082 1132 1124 Tiberium
1166 1093 1202 1123 et
1235 1082 1385 1138 Cajum,
1416 1100 1496 1125 non
1529 1084 1579 1126 ad
1611 1083 1816 1125 Claudium
1848 1084 2023 1140 pertinet.
2074 1082 2211 1124 Otium

242 1150 350 1208 apud
381 1151 584 1192 Romanos
627 1165 673 1191 eo
711 1160 886 1207 tempore
917 1165 978 1191 res
1022 1149 1181 1192 honesta
1213 1161 1287 1200 est,
1328 1152 1532 1194 Musarum
1573 1152 1802 1195 commercio
1842 1151 1926 1193 dari
1966 1151 2210 1209 potissimum

244 1220 366 1261 solita.
429 1221 521 1261 Non
553 1220 670 1261 habet
710 1222 798 1260 otia
827 1220 901 1260 vita
937 1220 1221 1275 prodigorum,
1260 1236 1502 1274 ganconum,
1543 1222 1613 1262 sed
1645 1238 1798 1271 eorum,
1840 1221 1983 1277 quibus
2021 1220 2213 1261 industria

245 1287 436 1347 quaedam
469 1286 622 1345 placuit.
657 1285 809 1329 Claudii
842 1297 922 1329 erat
955 1286 1148 1344 ejusmodi
1180 1288 1325 1340 otium,
1357 1289 1424 1347 qui
1457 1300 1498 1332 ut
1530 1305 1679 1347 pronus
1711 1290 1751 1331 in
1784 1289 1917 1339 aleam,
1950 1289 1989 1332 in
2022 1303 2211 1338 venerem,

243 1359 285 1399 in
319 1357 490 1400 convivia
523 1367 616 1407 erat,
647 1357 699 1398 ita
730 1367 863 1398 tamen
894 1357 1027 1412 (Suet.
1061 1358 1128 1398 41.
1161 1358 1260 1409 42.)
1301 1375 1488 1416 perquam
1531 1359 1669 1400 doctus
1702 1369 1738 1400 et
1769 1358 1967 1400 literarum
1999 1357 2207 1400 studiosus.

244 1429 446 1469 Bonarum
479 1427 619 1468 artium
661 1427 880 1482 cupientem
911 1427 1069 1467 Tacitus
1108 1428 1190 1483 ipse
1225 1428 1290 1476 VI,
1322 1428 1399 1469 46:
1439 1429 1541 1469 dicit.
1604 1428 1684 1469 Sed
1725 1438 1805 1469 erat
1843 1429 1945 1469 iners
1979 1427 2073 1483 (cfr.
2106 1427 2207 1468 Ann.

238 1496 357 1546 XIII,
387 1497 467 1538 42:
499 1495 647 1537 studiis
678 1496 896 1544 inertibus)
929 1496 1063 1544 otium,
1096 1496 1172 1537 sive
1204 1495 1299 1538 nihil
1333 1497 1509 1539 effectum
1544 1508 1601 1539 est
1631 1497 1697 1539 illa
1728 1497 1937 1545 industria,
1969 1507 2013 1537 ut
2043 1512 2211 1553 sequens

244 1566 359 1607 etiam
391 1575 494 1607 aetas
525 1574 606 1606 tres
637 1564 729 1606 istas
761 1563 892 1606 literas
924 1564 1142 1615 aboleverit,
1176 1581 1273 1622 quas
1307 1565 1491 1608 Claudius
1523 1582 1641 1608 novas
1673 1567 1878 1608 invenerat.
1921 1567 2010 1607 Jam
2041 1566 2074 1607 si
2104 1566 2211 1607 bono

243 1638 393 1692 poetae,
426 1632 552 1691 qualis
583 1633 730 1674 Bassus
762 1642 862 1683 erat,
905 1632 1091 1688 rogandi
1116 1634 1226 1675 ultro
1259 1645 1296 1676 et
1326 1634 1539 1676 ambiendi
1564 1644 1699 1683 erant,
1732 1637 1810 1692 qui
1836 1634 2106 1690 dignarentur
2135 1650 2210 1675 au-

243 1703 333 1745 dire
366 1701 491 1758 (Dial.
525 1703 590 1756 9.)
624 1702 656 1743 si
688 1702 791 1743 docti
823 1702 873 1743 ad
913 1703 1152 1744 audiendum
1184 1719 1226 1744 ea
1258 1704 1412 1759 pigritia
1446 1720 1569 1761 eoque
1600 1704 1726 1745 taedio
1758 1704 1934 1753 coibant,
1973 1703 2080 1760 quod
2111 1702 2200 1744 Plin

243 1788 301 1829 ep.
336 1771 370 1820 I,
406 1771 470 1812 13.
504 1771 677 1826 castigat,
708 1770 902 1811 mirumne
934 1771 1151 1822 videbitur,
1195 1773 1302 1829 quod
1336 1772 1522 1814 Claudius
1562 1769 1862 1814 homuncionem
1904 1771 2070 1829 aliquem
2106 1771 2212 1833 ‘desi-

242 1840 456 1891 deraverit,
488 1839 601 1896 cujus
632 1839 672 1881 in
705 1855 748 1881 os
780 1840 1051 1883 meditamenta
1083 1858 1153 1884 sua
1186 1852 1222 1883 et
1262 1841 1544 1900 qualiscunque
1583 1842 1728 1898 ingenii
1770 1841 1880 1884 lusus
1913 1840 2111 1891 ebulliret,
2153 1840 2212 1882 id-

242 1925 319 1968 que
349 1909 503 1965 Peligni
536 1908 700 1950 alterum
733 1908 904 1949 officium
942 1910 1089 1951 fuisse?
1149 1912 1376 1966 Legendum
1417 1912 1553 1966 igitur:
1597 1927 1683 1952 cum
1724 1911 1896 1967 privatus
1928 1910 2020 1951 olim
2053 1924 2210 1951 conver-

195 1970 214 2012 Ϊ
243 1980 411 2022 sationes
443 1988 608 2028 curaret,
642 1988 679 2019 et
703 1979 807 2020 iners
829 1979 950 2020 otium
974 1979 1192 2022 oblectaret.
1228 1980 1269 2023 Si
1297 1981 1392 2038 quid
1420 1981 1562 2024 mutari
1592 1980 1716 2031 velim,
1748 1981 1865 2037 cujus
1887 1982 2075 2037 privatas
2100 1986 2209 2036 prae-

242 2048 377 2097 feram,
409 2047 517 2106 quod
548 2063 569 2088 a
603 2047 686 2088 cod.
720 2047 821 2088 Bud.
857 2047 1144 2105 quodammodo
1177 2050 1479 2091 commendatur.
1543 2051 1648 2091 Haec
1680 2049 1772 2098 duo,
1806 2049 1872 2098 IV,
1906 2051 1972 2090 33.
2005 2048 2098 2107 XII,
2129 2048 2209 2089 49:

244 2135 291 2159 eo
320 2119 565 2174 potissimum
595 2118 696 2159 tueri
728 2117 856 2167 licuit,
901 2118 1007 2174 quod
1039 2129 1201 2175 uterque
1242 2120 1418 2161 locorum
1458 2119 1629 2175 plurales
1662 2120 1852 2174 ejusmodi
1895 2119 2030 2167 babet,
2074 2117 2209 2174 quales

243 2185 500 2228 creberrimos
543 2201 625 2230 esse
665 2185 706 2227 in
746 2185 930 2228 Tacitana
975 2186 1147 2229 oratione
1187 2187 1304 2245 paulo
1345 2197 1433 2230 ante
1473 2188 1780 2233 demonstratum
1820 2197 1884 2229 est.
1956 2185 2078 2243 Quod
2118 2200 2208 2227 vero

242 2255 319 2298 alio
351 2254 438 2297 loco
468 2254 646 2312 pluribus
678 2272 722 2297 ac
765 2256 889 2311 magis
923 2256 1090 2297 cordatis
1122 2258 1328 2313 probatum
1369 2269 1445 2308 est,
1488 2258 1540 2299 ita
1571 2268 1721 2307 tamen,
1765 2268 1807 2299 ut
1839 2256 2069 2299 adversandi
2100 2255 2212 2312 pote?

243 2334 320 2368 stas
351 2340 433 2368 non
464 2322 682 2376 tolleretur,
722 2324 813 2367 hinc
844 2324 992 2368 firmari
1026 2335 1126 2368 certe
1157 2335 1292 2383 potest.
1336 2326 1438 2370 Ann.
1474 2327 1533 2378 II,
1566 2329 1641 2370 57:
1683 2326 2029 2384 discesseruntque
2059 2326 2210 2382 apertis

244 2394 359 2434 odiis.
423 2393 640 2449 Egregium
680 2404 756 2442 est,
798 2395 905 2451 quod
947 2397 984 2435 J.
1018 2397 1063 2436 F.
1100 2397 1223 2436 Gron.
1264 2411 1335 2452 pro
1375 2399 1527 2450 apertis
1565 2397 1740 2445 disserit,
1792 2411 1908 2453 quem
1950 2395 2209 2436 recentiorum

242 2461 377 2520 plures
409 2462 459 2505 ob
489 2461 532 2504 id
562 2461 690 2518 ipsum
724 2464 844 2504 secuti
875 2476 974 2506 sunt.
1016 2464 1254 2506 Addendum
1289 2481 1331 2505 ex
1365 2481 1423 2514 eo,
1456 2466 1561 2522 quod
1594 2465 1730 2508 collata
1761 2466 1800 2507 in
1835 2465 1938 2507 hunc
1969 2462 2208 2520 §.exempla

242 2530 479 2579 ostendunt,
521 2530 620 2573 odia
652 2544 737 2579 esse
770 2546 832 2573 res
863 2533 1004 2575 odium
1036 2532 1309 2583 incendentes,
1350 2534 1427 2575 sive
1460 2551 1521 2575 res
1553 2551 1642 2583 eas,
1685 2534 1735 2575 de
1766 2535 1917 2591 quibus
1949 2548 2040 2573 cum
2072 2534 2209 2574 irrita-

242 2604 351 2642 tione
381 2598 568 2658 quadam
599 2602 736 2642 animi
762 2599 996 2643 dissentitur
1006 2620 1020 2650 ;
1054 2603 1162 2661 quod
1194 2603 1295 2644 idem
1328 2604 1377 2645 de
1409 2604 1691 2646 offensionibus
1724 2605 1775 2654 ll,
1807 2604 1865 2644 42
1898 2612 1965 2643 etc.
2000 2601 2208 2643 dicendum

243 2680 310 2713 est.
373 2671 458 2712 Hae
501 2679 629 2712 autem
661 2686 743 2720 res,
785 2680 992 2727 postquam
1025 2673 1073 2714 de
1110 2673 1156 2716 iis
1189 2674 1251 2729 agi
1293 2674 1396 2715 inter
1428 2674 1702 2716 Germanicum
1737 2684 1773 2715 et
1805 2673 1987 2715 Pisonem
2028 2663 2206 2729 coeptum

242 2749 346 2788 erat,
387 2748 424 2780 et
454 2738 694 2781 reconciliari
735 2739 855 2781 animi
893 2740 1127 2797 nequibant,
1165 2751 1329 2799 apertae
1369 2752 1495 2791 erant,
1540 2745 1696 2800 operiri
1728 2757 1810 2784 non
1849 2750 2036 2799 poterant.
2100 2740 2206 2783 Illius

240 2809 363 2864 igitur
393 2807 467 2849 loci
498 2824 637 2850 sensus
676 2809 738 2850 hic
770 2809 861 2858 erit,
904 2809 1063 2865 paulum
1104 2812 1276 2869 diversus
1321 2814 1368 2854 ab
1410 2814 1726 2869 interpretatione
1767 2811 1962 2868 plerisque
2003 2827 2205 2859 consueta:
