2436 3003
72 264 89 287 s

132 106 227 201 s-
934 93 941 95 *
1052 175 1057 179 ,
1147 117 1208 179 17

197 272 313 315 quam
344 258 412 314 qui
443 257 682 299 intruserint.
744 258 795 299 Et
826 271 1051 315 quanquam
1090 267 1242 313 praeter
1273 257 1484 314 Apulejum
1516 274 1628 301 nemo
1668 261 1899 317 scriptorum
1940 259 2037 301 illud
2068 275 2150 300 ver-

194 327 290 369 bum
310 331 412 368 'c‘um
441 325 728 385 praepositione
758 325 929 383 junxisse
960 325 1132 376 videtur,
1174 335 1303 367 tamen
1334 336 1512 368 nostrum
1544 327 1592 369 ad
1623 327 1933 386 multiplicandas
1965 328 2150 370 orationis

194 394 393 438 varietates
425 412 539 453 saepe
571 395 695 438 eidem
725 397 842 439 verbo
874 412 978 438 nunc
1009 396 1083 438 vim
1114 395 1369 447 transitivam,
1411 413 1516 438 nunc
1548 397 1823 441 intransitivam
1854 398 1996 440 addere
2027 396 2151 456 pluri-

193 479 257 507 ma
288 464 461 523 exempla
491 464 640 507 docent.
703 465 827 522 Igitur
857 464 894 508 h.
925 464 948 506 l.
982 464 1187 522 adfectare
1217 480 1299 506 esse
1336 465 1439 507 idem
1471 465 1578 523 quod
1609 482 1756 509 manus
1781 470 1995 523 porrigere
2014 462 2148 507 *credi-

194 524 317 577 derim
349 545 387 577 et
416 550 499 576 esse
530 535 711 577 standum
752 552 839 577 cum
871 534 1105 577 Florentino.
1167 534 1375 577 Notionem
1413 551 1502 576 vero
1535 535 1737 590 adigendi,
1776 537 2024 593 pertrahendi
2056 536 2149 578 sub-

195 618 280 646 esse
311 602 508 654 existimo,
540 602 607 646 ubi
640 619 896 661 corrumpere
926 603 989 646 ad
1013 603 1154 652 scelus,
1187 612 1229 645 ut
1260 603 1362 645 Ann.
1395 605 1462 654 IV,
1499 604 1571 655 10;
1598 605 1803 659 frangere
1833 605 1894 646 ad
1919 620 2036 646 omne
2065 620 2148 646 ser-

196 676 356 725 vitium,
390 684 433 716 ut
462 674 559 716 Hist.
594 673 653 724 II,
690 674 752 715 17.
785 684 918 716 noster
947 673 1059 724 dicit3
1099 690 1143 715 ac
1173 689 1306 731 saepe,
1338 674 1444 732 quod
1476 684 1533 716 est
1564 690 1821 731 corrumpere
1851 674 1927 723 ad,
1959 675 2060 717 idem
2093 685 2150 716 est

194 759 453 801 corrumpere
482 744 546 791 in,
587 753 630 785 ut
662 743 757 785 Hist.
794 743 865 794 III,
897 744 966 786 47.
1027 742 1133 785 Alias
1164 758 1273 793 vero,
1307 753 1348 785 ut
1382 744 1510 786 Germ.
1543 745 1623 793 23,
1658 744 1765 785 notio
1797 744 1971 786 mutandi
2003 744 2148 794 subest,

195 823 232 855 et
263 813 407 856 factum
437 811 541 863 inde,
573 822 615 854 ut
647 827 895 870 corrumpere
927 811 1104 853 effectum
1136 812 1184 853 sit
1213 812 1372 854 verbum
1405 812 1515 868 πρός
1546 829 1598 854 τι.

315 883 450 937 Quum
490 888 580 924 vero
621 883 825 924 innumera
856 898 927 939 per
964 897 1097 922 omnes
1139 881 1363 938 disciplinae
1401 883 1672 937 grammaticae
1714 882 1812 924 fines
1855 882 2029 940 dispersa
2059 881 2148 931 sint,

195 967 294 1010 quae
325 951 515 1009 originem
549 950 639 993 hinc
671 950 827 1002 ducant,
859 949 993 1008 paucis
1026 949 1182 1006 adjectis
1214 949 1315 992 hanc
1345 966 1423 992 rem
1457 950 1659 993 absolvam.
1721 952 1811 993 Non
1845 951 2046 1009 explicari,
2079 950 2147 991 sed

194 1036 337 1062 nomen
369 1020 495 1063 solum
528 1021 617 1062 addi
648 1030 758 1077 puto,
790 1020 822 1061 si
854 1035 924 1076 per
954 1018 1118 1075 figuram
1150 1019 1318 1076 aliquam
1349 1020 1424 1061 dici
1455 1020 1664 1061 contendas
1695 1020 1796 1062 Ann.
1829 1022 1936 1071 XVI,
1958 1022 2007 1061 2:
2040 1028 2148 1060 terra

189 1091 378 1146 provenit
407 1089 593 1131 ubertate.
657 1089 768 1144 Quid
799 1088 901 1130 enim
933 1097 990 1129 est
1029 1103 1204 1137 caussae,
1247 1088 1352 1144 quod
1384 1087 1456 1130 hoc
1497 1089 1581 1144 ipso
1613 1088 1698 1130 loco
1733 1089 1903 1130 animum
1944 1088 2147 1131 scribentis

195 1158 339 1217 cupido
369 1158 545 1217 incessit,
584 1158 711 1214 figura
742 1158 815 1200 ista
846 1157 1006 1199 utendi?
1066 1156 1230 1207 Scilicet,
1261 1156 1369 1214 quod
1407 1157 1610 1199 notionum
1652 1157 1840 1215 quaedam
1881 1157 2059 1214 cognatio
2092 1166 2149 1199 est

193 1228 295 1270 inter
334 1227 448 1270 verba
482 1229 698 1284 provenire
736 1237 774 1269 et
813 1226 1025 1268 abundare
1062 1238 1131 1268 seu
1171 1234 1339 1274 scatere,
1382 1224 1507 1284 qualis
1539 1235 1596 1267 est
1634 1226 1736 1267 inter
1774 1227 1889 1268 verba
1927 1227 2081 1267 donare
2111 1236 2147 1267 et

194 1299 402 1355 impertire
411 1313 426 1346 ;
470 1312 569 1355 quae
600 1306 804 1355 propterea
844 1296 1010 1354 scriptor
1050 1295 1385 1354 eloquentissimus
1425 1295 1708 1353 variandaeque
1747 1296 1931 1338 orationis
1971 1295 2150 1354 cupidior

196 1366 269 1409 alia
299 1382 372 1423 pro
404 1365 487 1409 aliis
518 1366 643 1408 infert.
706 1366 755 1408 Et
785 1366 834 1408 ib.
868 1366 905 1408 9.
937 1365 1068 1409 malim
1100 1366 1198 1408 hanc
1231 1364 1497 1421 cognationem
1529 1365 1569 1406 in
1601 1365 1820 1408 subsidium
1851 1381 1999 1417 vocare,
2032 1382 2149 1424 quam

196 1435 454 1491 graecismum
485 1434 526 1475 in
557 1434 699 1476 verbis:
740 1450 768 1474 a
798 1438 1026 1476 centurione
1056 1434 1221 1476 caderet.
1283 1434 1334 1475 Et
1365 1434 1553 1490 quaedam
1584 1435 1719 1485 verba,
1760 1435 1903 1491 quibus
1933 1436 2041 1476 notio
2073 1436 2146 1476 du-

195 1503 345 1545 bitandi
374 1504 494 1552 inest,
538 1501 761 1557 conjunctio
792 1505 894 1559 quin
923 1503 1119 1560 sequitur,
1159 1518 1232 1560 per
1262 1518 1303 1544 se
1334 1502 1386 1546 ab
1415 1503 1460 1547 iis
1492 1502 1634 1554 aliena,
1677 1520 1707 1546 e.
1741 1519 1796 1559 gr.
1828 1503 1929 1546 Ann.
1962 1504 2059 1555 XII,
2100 1504 2145 1547 6:

112 1627 127 1630 “
187 1587 265 1617 nec
295 1572 369 1616 diu
398 1569 713 1630 anquirendum,
744 1572 846 1629 quin
875 1572 1108 1630 Agrtppina
1140 1596 1193 1603 —
1226 1572 1403 1614 anteiret.
