2436 3003
1258 27 1261 33 *
1322 30 1333 37 n

1141 44 1207 100 ’θ’

992 118 1349 128 -—-.-..-

183 195 250 237 56.
285 193 384 236 Hast.
418 193 573 243 1v‚5.
621 193 706 233 Hoc
746 191 972 249 praeparari
1012 191 1167 234 videtur
1195 206 1277 235 non
1314 191 1443 235 solum
1473 191 1542 235 illo
1572 192 1658 250 ejus
1698 191 1878 245 vocabuli
1916 192 2077 251 plurali
2090 195 2155 240 Gi„

182 263 414 311 ceroniano,
453 262 523 301 sed
563 260 676 302 etiam
716 260 766 302 de
797 261 956 316 Leg.1,
993 262 1068 302 13:
1108 263 1187 318 qui
1213 264 1341 318 quasi
1366 260 1567 318 officinas
1603 265 1911 306 temtum-mu
1921 265 2153 320 εφίωώα.

182 333 266 376 Nec
296 331 420 374 secius
452 330 716 372 liberalitatis
747 329 927 387 primitus
959 346 1002 372 ea
1035 330 1144 372 notio
1177 340 1245 381 est,
1278 341 1321 373 ut
1352 330 1472 373 virtus
1504 331 1695 389 quaedam
1726 333 1844 375 animi
1875 348 1920 375 ea
1944 333 2155 383 indicetur:

139 417 148 424 ·
184 400 340 442 Tacitus
372 409 408 440 et
439 397 709 440 liberalitatem
742 409 779 440 et
809 398 1113 441 munificentiam
1145 414 1217 459 pro
1250 399 1364 441 donis
1395 398 1606 442 liberaliter
1636 402 1805 458 erogatis
1836 401 2018 444 nominat.
2060 400 2170 445 Plu-s
2206 429 2209 430 ν

182 468 302 512 ralem
335 469 635 511 liberalitatum
667 467 803 510 eodem
835 484 952 510 sensu
984 468 1091 525 apud
1123 468 1227 510 Suet.
1262 468 1397 511 Claud.
1428 470 1495 511 29.
1529 469 1710 513 invenies.
1753 471 1813 513 De
1843 470 2031 528 singulari
2062 482 2155 514 sunt

183 538 259 581 loci
290 538 448 579 minime
480 537 593 579 dubii
625 537 722 579 Ilist.
758 537 796 587 Ι,
829 539 908 579 20:
947 537 1009 578 bis
1041 545 1080 579 et
1110 539 1224 579 vicies
1263 538 1416 580 millies
1454 541 1682 581 sestertium
1723 539 2014 583 donationibus
2043 542 2154 584 Nero
2185 587 2187 589 ¹

183 607 402 666 effuderat.
465 607 691 664 Adpellari
723 608 914 662 singulos
945 606 1093 664 jussit,
1135 606 1305 649 decuma
1339 616 1459 665 parte
1496 607 1760 651 liberalitatis·
1800 609 1920 666 apud
1953 618 2157 668 quemque

183 691 327 720 eoram
359 677 523 718 relicta:
564 676 614 718 ib.
652 676 726 718 18:
768 684 943 724 constat,
979 679 1164 731 potuisse
1194 678 1411 731 conciliari
1443 679 1609 718 animos
1647 679 2012 735 quantulacunque
2034 681 2160 733 parci

182 747 292 789 senis
328 745 587 787 liberalitate.
658 744 758 787 Ann.
795 744 852 794 ΙΙ,
885 746 961 786 37:
1000 744 1171 787 inlectus
1208 760 1236 786 a
1274 748 1328 788 D.
1368 747 1556 801 Augusto
1600 745 1847 798 liberalitate
1886 746 2014 789 decies
2049 754 2154 795 sest„

183 815 330 857 ducere
369 830 553 856 avarem.
615 814 729 868 Quae
761 813 796 854 h.
830 813 852 854 l.
893 813 1124 863 liberalitas,
1162 829 1241 871 seq.
1276 831 1306 856 c.
1346 815 1511 872 pecunia
1549 813 1703 856 dicitur.
1735 815 1816 865 ΙΙΙ,
1856 815 1906 858 8:
1944 823 2156 871 exceptum

183 886 353 926 conu'ter
374 883 563 940 juvenem
592 890 709 927 sueta
739 897 841 937 erga
862 881 984 938 filios
1002 883 1283 939 familiarum
1320 883 1478 926 nobiles
1518 882 1782 938 liberalitate·
1802 891 1936 940 auget.
1992 883 2156 940 ¹Quodsi

185 953 238 1004 ΙΙ,
276 952 338 996 48
369 951 453 1009 ejus
493 949 669 994 vocabuli
700 951 809 994 notio
851 952 901 994 ad
942 952 1121 994 virtutem
1162 952 1280 995 animi
1319 952 1615 1010 significandam
1654 953 1793 995 reverti
1830 952 2005 1004 videtur,
2048 953 2159 1011 quod

184 1023 289 1064 idem
309 1022 444 1065 forsan
472 1022 602 1079 Germ.
627 1020 691 1062 14.
725 1020 879 1071 dixeris,
910 1031 1042 1064 tamen
1069 1021 1148 1063 loci
1173 1023 1321 1079 priores
1352 1032 1581 1080 argumento
1610 1022 1701 1065 satis
1722 1021 1836 1065 firmo
1865 1032 1972 1074 sunt,
2001 1036 2157 1065 omnem

185 1091 489 1142 dubitationem,
531 1107 649 1149 quam
680 1092 869 1147 Lipsius,
902 1092 1156 1141 Salinerius‚
1186 1092 1393 1142 Pichena,
1425 1092 1730 1135 Freinshemius
1760 1093 1809 1134 de
1840 1092 1943 1135 Ann.
1973 1093 2044 1142 IV,
2074 1095 2155 1136 20:

184 1161 261 1203 sed
284 1169 325 1202 et
352 1160 584 1202 liberalitas
615 1162 801 1214 Augusti
835 1161 982 1201 avulsa
1015 1184 1068 1191 --
1102 1170 1324 1212 moverunt,
1365 1161 1417 1203 ita
1448 1161 1606 1204 demum
1644 1161 1836 1220 compesci
1867 1159 2072 1212 debuisse,
2113 1169 2158 1203 ut

185 1231 450 1274 liberalitatis
488 1230 688 1271 notionem
729 1245 774 1270 ex
804 1228 880 1270 illis
919 1229 1013 1270 locis
1053 1230 1248 1286 prioribus
1290 1241 1517 1288 repeterent.
1581 1233 1697 1273 Hunc
1736 1247 1850 1274 usum
1891 1231 1995 1273 vocis
2034 1239 2158 1272 aetate

185 1299 252 1342 illa
291 1299 433 1348 fuisse,
477 1298 629 1340 Plinius
666 1311 824 1354 quoque
864 1296 1034 1339 ostendit
1064 1297 1134 1355 Ep.
1168 1300 1226 1348 X,
1259 1300 1305 1341 3:
1346 1299 1480 1341 mater
1509 1301 1700 1342 Romani
1736 1299 2027 1343 liberalitatem
2066 1306 2156 1341 sest.

187 1368 526 1426 quadringenties
547 1392 600 1399 —
620 1365 806 1408 nondum
836 1369 939 1408 satis
971 1368 1152 1421 legitime
1176 1376 1399 1422 peregerat,
1431 1369 1635 1409 Postremo
1666 1368 1769 1409 adde
1798 1367 1924 1408 nostri
1953 1367 2058 1409 Ann.
2088 1367 2158 1415 Vl,

185 1437 265 1479 45:
302 1437 358 1477 M
391 1437 488 1477 Sest.
521 1450 571 1476 ea
600 1434 880 1492 munificentia
919 1435 1185 1477 conlocatum.
1228 1435 1287 1486 11,
1318 1437 1399 1479 26:
1442 1434 1614 1479 addidit.
1634 1434 1958 1493 munificentiam
1990 1435 2156 1483 Caesar,

186 1504 391 1563 quantum
421 1507 517 1561 quis
547 1504 699 1545 damni
718 1505 937 1559 professus
967 1513 1066 1551 erat,
1098 1504 1353 1545 exsolvendo.
1393 1503 1524 1560 Hujus
1556 1504 1669 1548 ablat.
1701 1519 1779 1560 ger.
1812 1520 1894 1546 non
1924 1503 2044 1545 alium
2071 1519 2158 1545 esse

186 1590 359 1623 sensum,
390 1572 466 1615 nisi
497 1571 691 1630 participii
722 1571 920 1629 impliciti,
952 1571 1028 1614 alio
1060 1571 1144 1614 loco
1176 1572 1524 1616 demonstrandum
1554 1583 1621 1616 est.
1683 1574 1740 1616 Ut
1768 1573 1890 1629 igitur
1918 1571 2157 1616 liberalitatis

187 1654 226 1686 et
255 1642 544 1700 munificentiae
582 1641 772 1683 vocabulo
809 1656 923 1699 saepe
953 1656 1026 1698 pro
1069 1656 1228 1683 munere
1270 1640 1480 1685 liberaliter
1518 1642 1609 1685 dato
1646 1641 1788 1692 utitur,
1827 1642 1903 1692 ita,
1943 1656 2045 1700 quae
2074 1639 2159 1684 aliis

189 1716 306 1755 venia
337 1712 492 1761 dicitur,
525 1711 680 1767 saepius
712 1711 817 1767 apud
850 1720 1029 1752 nostrum
1061 1711 1315 1761 clementiae,
1347 1711 1479 1761 semel,
1511 1711 1620 1768 quod
1649 1711 1782 1760 sciam,
1813 1711 1961 1752 lenitas
1989 1719 2157 1752 vocatur.

171 1783 325 1840 'Neque
357 1796 448 1823 vero
480 1796 526 1822 eo
557 1780 644 1838 ipso
674 1789 848 1838 tempore
881 1779 1018 1822 harum
1052 1796 1185 1822 vocum
1228 1780 1336 1823 notio
1367 1781 1558 1824 abstracta
1589 1780 1860 1830 interciderat,
1900 1795 2019 1837 quam
2048 1795 2159 1822 man-

187 1853 296 1902 sisse,
329 1860 461 1892 notam
494 1850 766 1906 usitatamque‚
797 1849 956 1891 Tacitus
987 1850 1069 1907 ipse
1101 1849 1207 1891 testis
1239 1859 1305 1892 est„
1370 1850 1492 1892 Nobis
1523 1849 1596 1892 hos
1629 1848 1749 1900 locos,
1779 1848 1849 1907 qui
1880 1863 1997 1891 nsum
2026 1863 2160 1891 earum

187 1921 495 1981 metonymicum
528 1919 717 1969 referent,
755 1935 988 1961 memorasse
1028 1920 1119 1962 satis
1151 1919 1232 1961 erit.
1295 1921 1397 1961 Ann.
1432 1921 1491 1969 11,
1525 1920 1601 1963 10:
1641 1922 1687 1960 in
1716 1918 1962 1960 deditionem
1993 1919 2165 1960 oem‘enti

184 1998 382 2049 paratam
412 1990 683 2031 clementiam.
715 1988 768 2031 ib.
794 1988 874 2031 42:
906 1989 1015 2030 elicit
1043 1986 1295 2030 Archelaum
1326 1990 1474 2031 matris
1506 1988 1646 2038 literc‘s,
1678 2003 1786 2045 quae
1817 2013 1872 2023 —
1905 1987 2161 2030 clementiam

186 2061 402 2116 offerebat.
436 2059 557 2108 XIII,
594 2060 667 2099 11:
718 2066 936 2114 secutaque
977 2059 1122 2098 lenitas
1162 2060 1206 2098 in
1235 2059 1454 2099 Plautium
1486 2060 1747 2099 Lateranum.
1808 2058 1918 2107 Jam,
1959 2056 2069 2114 quod
2100 2071 2160 2098 ve-

190 2145 286 2171 rum
318 2127 413 2177 aliis,
444 2128 581 2170 Tacito
614 2130 762 2169 veritas
793 2125 1019 2184 adpellatur.
1053 2127 1156 2169 Ann.
1190 2127 1241 2177 ΙΙ,
1274 2128 1351 2168 39;
1385 2129 1488 2184 quia
1519 2129 1663 2169 veritas
1695 2128 1783 2168 visu
1804 2115 1852 2167 'et
1880 2140 2017 2176 mora,
2033 2125 2162 2182 falsa

178 2199 451 2255 festinatione
482 2205 520 2239 et
548 2198 711 2239 incertis·
744 2197 960 2244 valescunt.
994 2196 1060 2247 IV,
1093 2197 1170 2238 45:
1202 2197 1367 2239 nullam
1399 2199 1480 2238 vim
1509 2204 1668 2239 tantam
1699 2195 1859 2238 doloris·
1875 2195 1994 2253 sore,
2024 2184 2073 2236 utl
2100 2209 2161 2236 oe-

191 2270 357 2309 ritatem
386 2265 540 2308 diceret.
572 2267 642 2317 Vl,
675 2266 751 2309 38:
785 2268 965 2308 veritatis
999 2291 1051 2298 —
1079 2282 1156 2323 per
1180 2267 1341 2324 probra
1370 2266 1519 2308 saltem
1547 2281 1709 2323 gnarus
1727 2264 1839 2324 fieri.
1885 2263 2016 2321 Magis
2048 2263 2162 2306 etiam

190 2334 456 2385 memorabile,
488 2336 594 2392 quod
625 2337 906 2378 credulitatem
936 2352 1009 2393 pro
1041 2353 1204 2377 rumore
1238 2338 1360 2391 vulgo
1393 2337 1543 2378 credito
1576 2336 1696 2393 ponit.
1728 2335 1832 2378 Ann.
1867 2335 1919 2384 II,
1949 2335 2031 2376 40:
2076 2335 2163 2373 virae

192 2406 375 2448 militum
405 2419 569 2447 servum
599 2421 721 2447 suum
752 2409 965 2456 coe‘rceret,
1008 2421 1065 2447 an
1094 2406 1259 2448 inanem
1299 2405 1581 2449 crudelitatem
1617 2413 1798 2463 tempore
1826 2406 1918 2461 ipso
1960 2416 2164 2445 vanescere

192 2478 348 2519 sineret.
378 2476 429 2518 ib.
461 2475 544 2518 82:
579 2476 688 2531 juvit
727 2476 1005 2518 credulitatem
1043 2493 1130 2517 nox
1168 2486 1235 2517 etc.
1275 2477 1383 2525 XIV,
1416 2477 1454 2517 4.
1488 2477 1596 2525 XVI,
1626 2479 1667 2516 2.
1711 2475 1762 2516 ad
1799 2483 1965 2515 veterem
2004 2487 2162 2514 sensnm

192 2544 358 2604 propius
388 2544 542 2587 accedit.
608 2543 689 2586 Sed
720 2542 875 2588 ultimae
907 2545 1082 2589 licentiae
1114 2560 1198 2588 esse
1229 2545 1392 2596 videtur,
1424 2545 1532 2603 quod
1562 2553 1722 2591 servata,
1742 2542 1845 2585 Ann.
1877 2542 1946 2593 VI,
1978 2541 2056 2585 38:
2082 2557 2162 2599 pa-

192 2617 356 2657 tientiae
386 2614 544 2656 notione
574 2614 748 2672 antiqua,
780 2614 870 2656 alibi
901 2617 975 2657 vim
1007 2616 1114 2658 verbi
1145 2625 1281 2665 mutat,
1312 2625 1356 2656 ut
1388 2630 1449 2662 ea,
1481 2629 1591 2670 quae
1622 2614 1717 2670 quis
1747 2614 1928 2669 patitur,
1958 2610 2160 2669 significet.

193 2684 263 2734 Vl,
299 2684 343 2725 1:
375 2699 429 2725 ex
445 2682 653 2739 foeditate
685 2684 771 2725 loci
796 2692 836 2725 et
874 2685 1098 2739 multiplici
1120 2687 1330 2740 patientia.
1392 2685 1484 2725 Non
1524 2682 1628 2724 enim
1669 2681 1773 2723 fieri
1792 2691 1939 2738 potest,
1982 2691 2027 2722 ut
2065 2679 2163 2722 alius

194 2751 285 2795 huic
316 2751 402 2794 loco
433 2767 573 2795 sensus
603 2752 843 2810 subjiciatur.
884 2752 988 2794 Hinc
1019 2753 1067 2795 ib.
1100 2754 1169 2796 46.
1201 2753 1309 2796 omni
1341 2749 1569 2794 difficultate
1599 2750 1799 2803 liberatur,
1831 2767 1949 2810 quam
1979 2751 2164 2793 Muretus

181 2816 311 2879 ,atque
342 2823 554 2865 Ernestus‘
573 2823 606 2863 ei
638 2822 998 2867 circumdederunt:
1030 2822 1141 2865 nihil
1165 2839 1185 2863 e
1210 2821 1451 2864 libidinibus
1482 2822 1702 2870 omittebat,
1732 2824 1777 2864 in
1801 2822 2003 2879 patientia
2020 2819 2164 2878 firmi-
